5042 7909
300 1519 339 1578 rr
889 1455 918 1545 Ἃ
975 1504 1275 1575 rusmrunon
1297 1506 1670 1594 cnsssrmnnn„
1881 1479 1883 1486 '
2272 1511 2316 1573 rc

298 1706 370 1770 sein
404 1700 522 1767 d’estre
552 1699 665 1765 battus
693 1704 714 1762 t
744 1695 867 1779 grands
889 1715 999 1778 eoups
1027 1694 1068 1761 de
1097 1703 1278 1761 murtecux.
1330 1696 1525 1761 nensformo
1544 1714 1606 1760 nos
1622 1716 1712 1760 emes
1728 1714 1773 1760 en
1790 1716 1828 1759 so
1845 1695 2012 1772 scinctete,
2029 1693 2078 1761 les
2095 1694 2201 1781 dirige
2217 1696 2315 1763 telle-
2352 1720 2377 1777 J

298 1787 396 1856 Ainsi
418 1807 500 1852 nous
522 1783 756 1866 contreignons
779 1782 866 1845 Dien
885 1800 946 1864 pur
963 1788 1074 1847 nostre
1091 1780 1280 1864 perversite,
1330 1788 1423 1847 ment
1444 1789 1465 1848 t
1487 1780 1658 1846 nouvelles
1675 1788 1811 1863 pensees
1828 1787 1863 1846 et
1880 1780 2060 1867 effectipns,
2084 1785 2182 1865 qn'on
2199 1783 2313 1865 puisse

299 1884 320 1941 t
340 1891 418 1940 nser
438 1871 480 1938 de
496 1870 637 1937 severite
654 1876 689 1934 et
707 1869 841 1953 rigueur
857 1888 900 1932 en
917 1875 1102 1950 meneqnnt,
1121 1887 1185 1932 veu
1201 1865 1281 1949 qu'il
1332 1866 1403 1932 dire
1424 1866 1559 1950 qn’elles
1582 1874 1657 1931 sont
1679 1874 1790 1932 autres
1812 1865 1947 1948 qn’elles
1969 1868 2154 1951 n’esteyent
2171 1889 2313 1952 cupere-

299 1980 341 2025 ne
375 1958 529 2026 serviroit
553 1957 626 2021 rien
653 1953 831 2019 d'ullecher
855 1973 915 2036 per
941 1952 1085 2019 douceur
1110 1973 1195 2018 ceux
1224 1952 1282 2036 qni
1331 1960 1421 2017 vent
1455 1952 1503 2017 Et
1519 1950 1560 2017 de
1577 1952 1647 2030 fcit,
1662 1951 1687 2037 ¹)
1703 1973 1787 2017 nous
1805 1972 1947 2017 sommcs
1965 1951 2221 2032 neturellcment
2238 1951 2314 2021 des-

298 2045 459 2111 dorment
508 2043 546 2108 Ie
577 2062 620 2107 ne
652 2040 814 2123 reciterny
843 2039 936 2121 point
962 2038 1011 2103 les
1037 2039 1281 2122 tesmoigneges
1332 2046 1467 2104 tonmer
1485 2036 1635 2114 deDieu,
1653 2058 1736 2120 pour
1753 2037 1832 2121 ne²)
1849 2038 1965 2104 lemeis
1986 2036 2105 2103 tendre
2123 2061 2170 2124 ny
2187 2040 2315 2123 aspirer

298 2131 355 2215 qni
382 2152 418 2196 se
439 2135 597 2195 trouvent
618 2133 659 2209 qt
680 2133 713 2191 et
734 2124 768 2190 lo
788 2146 849 2209 per
870 2131 960 2189 toute
980 2124 1193 2190 l’l.'lsoriture.¹
1228 2124 1282 2189 Im
1333 2130 1417 2190 tce
1438 2125 1494 2207 qui
1522 2134 1575 2188 est
1601 2124 1667 2189 bon
1688 2131 1722 2187 et
1743 2122 1845 2201 droit,
1873 2124 2006 2206 iusques
2028 2132 2108 2191 tce
2134 2147 2198 2209 que
2227 2146 2312 2192 nous

250 2275 251 2278 ,
298 2216 425 2284 crninte
453 2215 494 2280 de
523 2215 610 2280 Dien
635 2220 686 2277 est
715 2211 803 2276 nussi
831 2216 982 2276 nommee
1008 2209 1282 2276 introductione
1333 2230 1437 2294 ayone
1466 2209 1578 2293 oppris
1606 2207 1647 2274 de
1673 2229 1757 2274 nous
1780 2210 1910 2293 quitter.
1955 2211 2002 2274 Et
2023 2210 2111 2277 veile
2137 2231 2313 2296 pourquoy

367 2303 471 2368 'tenco
504 2320 588 2384 pour
620 2306 713 2363 autre
747 2298 867 2362 raison.
925 2295 993 2361 Gur
1020 2317 1154 2362 encores
1181 2293 1281 2378 qu’un
1332 2302 1407 2360 tunt
1432 2303 1574 2361 souvent
1599 2295 1624 2360 il
1651 2316 1733 2360 nous
1761 2305 1813 2360 est
1833 2294 2028 2362 commende
2050 2296 2092 2361 de
2112 2297 2313 2380 despouiller

298 2323 432 2454 lemmme
457 2387 526 2451 fust
552 2406 595 2449 en
610 2390 697 2457 =tout
723 2390 757 2448 et
782 2403 843 2466 per
864 2390 938 2446 tout
959 2383 1083 2447 estime'
1096 2382 1217 2464 paruit
1238 2401 1281 2446 en
1332 2380 1364 2446 le
1382 2381 1461 2447 vieil
1488 2380 1636 2458 homme,
1664 2401 1825 2446 renonoer
1846 2402 1889 2446 eu
1911 2379 2030 2447 monde
2051 2392 2085 2446 et
2105 2390 2126 2448 t
2147 2381 2180 2447 ln
2201 2384 2310 2449 cheir:

181 2459 185 2464 ⁴
284 2482 430 2557 ‚nemus
456 2472 507 2542 s'il
533 2492 577 2535 ηο
598 2479 751 2552 repperte
773 2490 811 2533 sc
832 2468 887 2533 vie
908 2489 952 2533 eu
974 2469 1098 2534 service
1120 2466 1161 2531 de
1182 2467 1279 2546 Dieu,
1332 2475 1367 2531 et
1376 2488 1418 2532 en
1430 2488 1514 2533 nous
1531 2468 1673 2532 rotimus
1690 2464 1731 2531 de
1748 2487 1810 2531 nos
1826 2466 1997 2550 cupiditer,
2016 2466 2056 2532 de
2073 2476 2195 2534 mettre
2212 2470 2311 2554 peine

299 2561 325 2625 il
345 2580 466 2644 ponrra
486 2557 563 2621 bien
584 2564 671 2621 estre
691 2555 767 2620 lone
789 2553 834 2618 du
854 2552 981 2631 monde,
1004 2554 1088 2618 meis
1104 2552 1129 2617 il
1146 2573 1221 2619 sere
1237 2574 1280 2618 en
1332 2559 1458 2618 destre
1485 2552 1692 2620 reneuvelles
1720 2553 1761 2618 de
1787 2551 1914 2636 l’esprit
1943 2552 1984 2618 de
2011 2563 2122 2619 nostre
2152 2555 2311 2621 entende·

297 2644 519 2712 abomination
541 2662 583 2707 au
605 2640 675 2719 ciel,
694 2639 830 2706 ettendu
848 2660 912 2722 que
928 2638 962 2703 lc
978 2639 1156 2723 principale
1173 2639 1280 2722 pcrtie
1330 2648 1430 2704 ment
1479 2639 1525 2704 Et
1551 2659 1589 2703 oe
1621 2645 1691 2703 mot
1715 2635 1758 2704 de
1784 2637 2019 2704 Mortificetion
2051 2660 2135 2707 nous
2156 2641 2313 2707 edvertit

298 2729 339 2796 de
360 2730 476 2795 instice
497 2735 549 2793 est
570 2727 611 2792 de
632 2725 752 2792 rendre
773 2733 795 2791 d
815 2726 902 2790 Dieu
920 2725 1097 2790 l’honneur
1114 2724 1193 2807 qu’il
1210 2745 1279 2789 me-
1330 2725 1480 2806 combien
1500 2724 1524 2789 il
1547 2745 1631 2790 nous
1653 2731 1705 2789 est
1726 2723 1858 2790 difficile
1886 2724 2044 2791 d’oublier
2072 2736 2185 2792 nostre
2210 2739 2310 2793 natu·

297 2817 375 2894 rite,
398 2813 518 2898 duquel
537 2835 620 2878 nous
641 2812 673 2877 le
694 2810 849 2877 frondens
870 2811 1147 2889 meschamment,
1168 2809 1279 2893 quand
1331 2811 1393 2876 rel:
1422 2817 1538 2875 entant
1558 2810 1637 2894 qu’il
1665 2810 1796 2894 signifie
1818 2830 1881 2893 que
1909 2832 1992 2876 nous
2013 2833 2055 2876 ne
2077 2832 2227 2894 pouvons
2248 2834 2311 2897 pes

205 2895 209 2906 ’
298 2922 381 2967 nous
407 2906 545 2966 n'avons
566 2919 626 2981 pes
648 2905 734 2963 ceste
756 2896 921 2962 intention
942 2895 982 2961 de
1005 2918 1089 2961 nous
1111 2887 1279 2962 essuiettir'·
1330 2905 1418 2962 estre
1438 2896 1522 2979 plion
1544 2917 1587 2961 ne
1608 2897 1730 2961 tormen
1753 2895 1828 2962 cla
1849 2898 1975 2962 eruinte
1996 2896 2037 2962 de
2058 2896 2158 2975 Dieu,
2181 2920 2229 2981 ny
2250 2921 2312 2983 op·

298 2995 400 3054 teon
419 2986 564 3068 Empire.
890 2987 896 3005 ⁸
1240 2995 1243 3003 '
1331 2982 1471 3064 prendre
1488 2982 1537 3048 les
1554 2981 1726 3048 rudimens
1743 2982 1784 3047 dc
1800 2983 1896 3065 piete,
1919 2984 2017 3048 sinon
2034 2987 2201 3067 qu’estans
2223 2986 2312 3050 oecis

385 3081 415 3137 ὅ.
433 3071 459 3154 ¹)
512 3070 544 3134 I]
577 3089 660 3133 nous
692 3069 764 3133 fcut
800 3069 1010 3133 maintennnt
1042 3066 1213 3151 expliquer
1246 3068 1278 3133 le
1331 3066 1375 3132 du
1398 3068 1506 3151 gleire
1528 3068 1568 3133 de
1585 3067 1731 3152 l’Esprit,
1755 3089 1834 3134 avec
1852 3067 1999 3134 violence
2017 3090 2101 3134 nous
2118 3091 2239 3154 soyons
2257 3092 2312 3135 re·

300 3160 466 3225 troisieme
493 3155 620 3220 article:
650 3158 730 3220 o’est
757 3174 821 3237 que
850 3174 933 3219 nous
961 3175 1064 3220 avons
1091 3151 1141 3217 dit
1161 3173 1224 3235 que
1245 3154 1280 3218 ln
1332 3152 1420 3218 dnits
1443 3162 1464 3218 ο
1485 3163 1594 3219 nennt
1629 3154 1766 3220 Comme
1788 3155 1817 3219 si
1838 3154 1925 3219 Dieu
1947 3157 2143 3239 prononqoit
2160 3156 2239 3239 qu'il
2258 3165 2312 3222 est

299 3245 472 3329 penitence
494 3241 636 3308 consiste
658 3261 701 3307 en
719 3239 811 3304 ¹deur
832 3241 971 3321 parties:
992 3261 1035 3304 en
1051 3239 1085 3304 lc
1102 3240 1280 3305 mortifice-
1330 3240 1525 3323 requieque
1553 3259 1638 3304 nous
1665 3240 1848 3315 mourions,
1879 3247 1914 3304 et
1941 3260 2061 3326 soyons
2088 3244 2238 3308 eneentis
2267 3264 2311 3307 en

300 3333 369 3396 tion
396 3329 437 3394 de
463 3327 498 3391 le
518 3326 625 3404 cheir,
648 3335 682 3391 et
702 3324 735 3389 le
757 3326 958 3390 vivificetion
981 3325 1022 3389 de
1043 3325 1187 3410 l’Elsprit
1232 3324 1280 3390 Oe
1331 3331 1404 3390 tout
1425 3347 1462 3390 cc
1483 3346 1547 3408 que
1568 3347 1652 3391 nous
1679 3346 1799 3405 avons,
1828 3324 1951 3391 devant
1970 3347 2033 3409 que
2058 3325 2118 3411 luy
2145 3347 2228 3394 nous
2255 3350 2311 3393 re-

256 3412 259 3415 ’
285 3437 364 3499 ⁸qne
398 3414 447 3479 les
473 3411 665 3495 Prophetes,
694 3411 843 3477 oombien
869 3410 962 3494 qu'ils
990 3410 1120 3493 perient
1146 3411 1279 3493 simple·
1331 3431 1433 3494 qoyve
1455 3433 1497 3476 on
1519 3423 1650 3494 eccepte
1671 3433 1755 3494 pour
1776 3432 1828 3478 ses
1851 3412 1976 3477 enfans.

299 3509 392 3567 ment
412 3500 504 3565 selon
524 3498 559 3562 ln
578 3498 714 3563 rudesse
737 3497 780 3561 du
802 3496 921 3579 peuple
942 3518 984 3562 nu
1006 3497 1060 3562 uel
1077 3496 1119 3561 ils
1137 3517 1199 3562 svo
1223 3504 1281 3562 ont
1418 3498 1486 3581 31)
1529 3498 1637 3563 L‘une
1665 3506 1699 3562 et
1730 3497 1848 3563 l’outre
1874 3519 1958 3563 nous
1980 3499 2078 3564 vient
2099 3498 2140 3563 de
2167 3498 2200 3564 lc
2221 3522 2313 3566 com·

251 3600 252 3605 ’
299 3587 428 3665 sffsire,
456 3584 664 3650 necntmoins
692 3591 850 3665 exposent
878 3603 968 3647 ossen
985 3517 1081 3660 lien,
1104 3520 1280 3665 quandin
1331 3584 1534 3649 municetion
1562 3604 1625 3666 que
1654 3604 1738 3649 nous
1771 3605 1875 3650 uvons
1902 3605 1982 3651 eveo
2012 3583 2136 3650 Christ
2187 3584 2256 3651 (lar
2283 3588 2313 3651 si

299 3673 417 3749 disent,
438 3672 555 3736 Oessez
577 3669 618 3734 de
639 3668 707 3733 mel
728 3668 820 3747 faire,
840 3676 874 3732 et
893 3667 1136 3733 adornes-vous
1153 3675 1175 3733 d
1191 3668 1277 3734 bien
1330 3689 1414 3734 nous
1443 3690 1584 3734 sommes
1612 3681 1808 3753 vruyoment
1838 3670 2041 3753 participans
2067 3668 2108 3734 de
2140 3693 2178 3736 su
2211 3682 2312 3750 mort,

298 3758 558 3841 Nettoyervcus
571 3754 601 3839 2)
619 3754 660 3819 de
680 3775 739 3819 vor
757 3753 903 3831 ordines,
922 3753 1076 3819 delaissez
1093 3761 1206 3820 vostre
1224 3755 1279 3820 vie
1331 3775 1392 3837 per
1413 3753 1446 3818 1ο
1463 3761 1559 3820 vertu
1582 3754 1707 3822 d’icelle
1727 3766 1838 3821 nostre
1856 3756 1935 3820 vieil
1952 3756 2083 3822 homme
2101 3762 2152 3822 est
2168 3758 2312 3839 orucifie,

301 3864 470 3927 perverse:
486 3843 515 3926 8)
542 3862 702 3925 upprenez
730 3839 771 3904 de
792 3840 868 3905 bien
888 3840 985 3918 loire,
1009 3862 1029 3905 a
1052 3840 1280 3923 pliquez-vous
1331 3840 1419 3905 etilo
1439 3845 1568 3906 messe⁴
1606 3840 1647 3907 de
1689 3842 1770 3907 eche
1792 3842 1848 3925 qui
1870 3841 1977 3906 reside
1998 3863 2040 3906 en
2056 3863 2138 3907 nous
2156 3849 2209 3907 est
2223 3849 2315 3909 mor-

299 3930 465 4008 niustice,
482 3926 702 4002 misericorde,
719 3933 781 3992 etc.
801 3926 868 4008 (Pe.
890 3928 940 4003 34,
963 3862 1079 4004 153ls.
1101 3931 1128 4004 1,
1150 3930 1198 3990 16.
1215 3927 1287 4009 17)..
1331 3926 1428 4004 tideo,
1463 3933 1546 3992 tce
1574 3947 1637 4009 que
1663 3861 1698 3991 ld
1725 3928 1916 4011 corruption
1946 3926 1986 3992 de
2013 3934 2125 3993 nostre
2150 3929 2316 4011 premiere

299 4016 367 4081 Ger
397 4036 439 4079 en
472 4012 656 4096 reppellant
683 4012 731 4077 les
756 4012 906 4076 hommes
931 4010 972 4075 de
997 4011 1129 4088 moliee,
1158 4010 1200 4077 ils
1227 4034 1280 4077 re·
1332 4019 1449 4077 nature
1471 4012 1551 4077 n'eit
1578 4012 1653 4095 plus
1674 4012 1715 4078 dc
1736 4014 1877 4097 vigueur
1899 4013 2009 4096 (Rom.
2030 4018 2059 4091 6,
2079 4011 2123 4096 6).
2167 4011 2316 4082 Sinone

298 4102 450 4184 quierent
471 4120 533 4183 qne
555 4106 647 4162 toute
667 4097 741 4161 leur
761 4097 869 4175 cheir,
892 4097 972 4162 c'est
993 4104 1014 4161 d
1035 4095 1105 4161 dire
1127 4097 1199 4163 leur
1220 4120 1280 4163 ηο·
1332 4118 1473 4163 sommes
1507 4099 1709 4183 participans
1734 4098 1775 4165 de
1804 4120 1844 4165 su¹
1868 4099 2103 4178 resurrection,
2131 4120 2192 4182 per
2218 4101 2317 4167 icelle

297 4195 388 4263 turc,
402 4189 431 4267 ⁴)
454 4186 517 4249 soit
539 4182 716 4260 mortifico,
738 4182 878 4264 laquelle
899 4189 950 4247 est
970 4182 1079 4265 pleine
1101 4182 1278 4266 d’iniquite.
1332 4205 1415 4258 neus
1447 4204 1588 4249 sommes
1620 4185 1796 4250 resuscites
1834 4206 1876 4249 en
1912 4184 2136 4267 nouvellete⁵)
2180 4186 2220 4252 de
2247 4188 2316 4267 vie,

298 4271 350 4337 Or
376 4276 455 4338 c’est
480 4291 528 4334 un
556 4268 841 4334 commendement
867 4267 943 4333 bien
965 4267 1110 4347 difficile,
1134 4267 1281 4334 d’eutont
1331 4269 1472 4352 laquelle
1493 4270 1637 4354 respond
1658 4278 1679 4334 t
1699 4269 1733 4336 lc
1753 4272 1868 4337 iustice
1890 4270 1931 4335 de
1952 4267 2050 4336 Dieu
2089 4271 2180 4337 Pour
2200 4273 2316 4356 parler

298 4356 377 4440 qu’il
405 4363 551 4438 emporte
572 4374 634 4437 que
656 4374 739 4418 nous
766 4374 849 4418 nous
871 4353 1091 4436 devesnow)
1119 4354 1159 4420 de
1181 4376 1280 4421 nous·
1333 4355 1417 4421 dono
1443 4377 1484 4420 en
1507 4378 1554 4420 un
1574 4365 1659 4434 mot,
1688 4356 1719 4420 ie
1741 4356 1787 4442 dy
1816 4377 1879 4440 qne
1906 4356 2079 4440 penitence
2101 4364 2153 4423 est
2174 4380 2239 4424 une
2257 4380 2315 4425 re-

297 4462 455 4519 mesmes,
484 4448 518 4504 et
545 4439 737 4504 deluissions
763 4448 875 4504 nostre
901 4461 1019 4523 propre
1041 4448 1168 4506 nature.
1212 4441 1280 4507 (lar
1332 4441 1523 4526 generetion
1551 4442 1746 4524 spirituelle:
1776 4442 1817 4507 dc
1845 4442 1986 4525 laquelle
2014 4440 2046 4506 le
2071 4443 2132 4508 bnt
2153 4452 2216 4523 est,
2244 4465 2313 4527 que

296 4529 323 4592 il
351 4548 394 4610 ne
421 4528 493 4591 scut
518 4546 577 4609 pas
599 4525 734 4590 estimet
755 4546 818 4608 qne
839 4526 873 4591 lo
893 4526 986 4607 cheir
1007 4527 1072 4591 soit
1092 4528 1169 4593 bien
1190 4549 1279 4592 mor·
1331 4527 1463 4611 l'imsgc
1491 4526 1531 4612 de
1557 4528 1647 4593 Dieu
1673 4528 1730 4612 qui
1757 4529 1847 4594 evoit
1872 4536 1942 4594 este
1968 4528 2135 4594 obseuroic
2157 4537 2190 4594 et
2212 4532 2313 4613 qussi

298 4615 401 4691 tifiee,
430 4613 526 4677 sinon
555 4632 619 4694 que
647 4617 720 4675 tout
746 4632 783 4676 ce
811 4632 875 4693 qne
901 4632 985 4676 nous
1006 4632 1110 4678 orons
1132 4613 1173 4677 de
1195 4635 1279 4679 nous
1332 4613 1451 4678 effecte
1479 4634 1522 4678 en
1550 4635 1634 4678 nous
1660 4636 1721 4697 per
1748 4614 1781 4679 1ο
1802 4614 2043 4697 transgression
2065 4613 2222 4695 d'Adnm,
2245 4617 2315 4682 soit

298 4699 361 4764 scit
389 4705 558 4781 οηηοοηε)γ
585 4704 619 4760 et
645 4696 750 4782 uboly.
795 4698 883 4763 Meis
909 4718 975 4762 ven
1002 4719 1065 4780 que
1093 4705 1204 4763 toutes
1229 4699 1279 4763 les
1330 4707 1505 4764 restaures.
1556 4700 1653 4764 Ainsi
1684 4699 1833 4784 l‘cppelle
1859 4698 2039 4783 l'Apostre,
2073 4701 2185 4783 quood
2210 4701 2314 4767 ildit

297 4793 435 4868 pensees
461 4791 497 4848 et
522 4782 693 4848 effections
721 4783 761 4847 de
788 4790 902 4848 nostre
923 4790 1140 4858 noturesont
1159 4806 1279 4869 repng-
1330 4789 1489 4870 qu’eyens
1513 4784 1546 4849 le
1566 4786 1653 4852 voile
1675 4793 1758 4863 oste,
1786 4806 1870 4851 nous
1895 4793 2126 4869 representens
2150 4787 2184 4853 lc
2205 4788 2314 4872 gleire

297 4879 415 4935 nentes
443 4876 464 4933 t
489 4868 594 4946 Dieu,
624 4876 658 4932 et
679 4870 846 4934 ennemies
867 4868 907 4935 de
929 4889 967 4934 so
985 4870 1102 4936 iustice
1114 4869 1143 4955 ⁶)
1165 4870 1277 4955 (Rom
1331 4871 1372 4936 de
1393 4872 1490 4949 Dien,
1514 4879 1624 4952 estnns
1645 4872 1858 4937 transformer
1881 4892 1924 4935 en
1952 4893 2017 4937 une
2043 4873 2200 4939 mesmei
2302 4926 2312 4954 ,

298 4961 328 5034 8,
352 4960 382 5020 6.
406 4954 458 5040 7),
486 4953 519 5019 1ο
544 4956 704 5037 premiere
732 4963 843 5021 entree
873 4977 914 5020 en
941 4954 1152 5022 l’obeissunce
1179 4955 1220 5023 de
1245 4956 1279 5021 lo
1330 4955 1371 5021 de
1421 4956 1502 5023 loire
1527 4978 1569 5022 en
1596 4958 1715 5041 gleire,
1748 4978 1875 5023 comme
1908 4977 1969 5040 per
2002 4957 2129 5041 l’esprit
2156 4958 2197 5024 de
2223 4960 2317 5027 Dren

297 5043 374 5126 Loy
400 5050 466 5118 est,
495 5039 536 5106 de
561 5060 720 5105 renonoer
747 5050 769 5105 t
795 5048 908 5108 nostre
934 5048 1052 5107 nature
1079 5051 1113 5106 et
1141 5049 1162 5107 t
1188 5049 1278 5108 toute
1330 4978 1509 5127 (ellone,
1533 5043 1595 5127 18).
1640 5043 1743 5123 Item,
1771 5041 1877 5129 Soyer
1904 5043 2111 5110 reneuvellez
2134 5067 2177 5110 en
2198 5052 2317 5112 vostre
2387 5040 2393 5054 '

298 5134 409 5192 nostre
434 5125 575 5192 volente.
590 5126 617 5207 7)
661 5127 716 5191 En
737 5147 834 5210 optes
855 5134 907 5193 est
928 5128 1056 5211 signifie
1083 5148 1125 5193 en
1146 5147 1184 5193 ce
1202 5148 1278 5212 pus·
1330 5148 1414 5207 eme,
1443 5136 1478 5193 et
1504 5137 1615 5194 vestet
1644 5130 1675 5194 le
1702 5129 1822 5196 nouvel
1851 5129 1997 5196 homme:
2027 5129 2134 5213 lequel
2159 5138 2211 5197 est
2234 5140 2316 5198 eree

298 5234 376 5297 suge
402 5212 446 5277 du
467 5211 635 5294 Prophete
655 5211 687 5278 le
707 5212 992 5279 reneuvellement
1008 5211 1054 5278 ‘de
1075 5214 1128 5278 vie
1147 5234 1209 5298 per
1229 5215 1279 5280 les
1330 5214 1423 5283 selon
1443 5214 1532 5280 Ilien
1552 5215 1630 5301 en⁰)
1651 5216 1784 5292 instice,
1812 5223 1847 5281 et
1866 5237 1927 5281 vro
1950 5236 1969 5280 e
1990 5216 2148 5282 soinotete
2170 5216 2315 5300 (Ephes.

297 5299 394 5365 stulte
410 5298 468 5381 qui
489 5297 561 5363 s'en
576 5308 775 5383 ensuyvent:
793 5300 948 5377 assevoir,
967 5300 1091 5379 iustice,
1109 5300 1280 5385 iugemcnt
1330 5305 1361 5379 4,
1381 5304 1431 5364 23.
1451 5301 1518 5384 24).
1559 5300 1646 5366 Item
1673 5323 1716 5366 en
1737 5324 1785 5367 un
1805 5310 1900 5366 outre
1926 5238 2004 5380 lieu,
2026 5303 2144 5386 Ayent
2160 5311 2257 5369 vestu
2281 5304 2317 5371 1ο

298 5393 334 5449 et
362 5382 580 5451 misericorde.
625 5382 692 5449 Gor
717 5383 744 5447 il
770 5404 812 5450 ne
839 5386 982 5450 suffiroit
1007 5384 1104 5469 point
1130 5385 1172 5451 de
1197 5386 1279 5451 inire
1330 5385 1451 5451 nouvel
1473 5385 1619 5467 homme,
1648 5386 1754 5469 lequel
1776 5395 1828 5454 est
1848 5386 2036 5453 renourelle
2062 5394 2083 5452 d
2107 5388 2142 5453 1ο
2162 5392 2318 5475 cogneis·

298 5469 356 5536 les
379 5490 509 5535 oeuvms
542 5471 836 5550 exterieurement;
870 5472 967 5537 sinon
995 5492 1060 5555 que
1086 5472 1183 5537 l’ume
1209 5473 1279 5538 fust
1330 5492 1429 5539 sance
1455 5480 1490 5537 ct
1515 5473 1624 5557 image
1652 5473 1693 5538 de
1720 5472 1816 5559 celuy
1840 5475 1898 5557 qui
1924 5474 1967 5538 l'u
1987 5483 2061 5539 eree
2086 5473 2220 5559 (cole,
2245 5478 2316 5559 10).

296 5558 553 5639 premierement
577 5552 748 5645 eddonnee
774 5564 797 5621 e
823 5556 961 5623 l’amour
987 5571 1021 5623 et
1042 5557 1197 5625 affection
1219 5557 1277 5622 d'i-
1330 5558 1431 5624 Ainsi
1453 5558 1536 5624 dono
1557 5579 1619 5642 per
1640 5566 1728 5626 ceste
1750 5560 1979 5643 regenerntion
1999 5580 2084 5625 nous
2104 5581 2247 5644 sommes
2270 5561 2317 5628 de

296 5642 403 5708 celles.
446 5638 496 5706 Or
513 5640 583 5706 celo
600 5662 635 5706 so
652 5642 711 5706 fcit
728 5642 838 5724 quand
854 5643 994 5728 l'Esprit
1010 5642 1050 5708 de
1067 5644 1156 5709 Dieu
1174 5651 1278 5729 ayant
1328 5643 1364 5710 ln
1406 5691 1408 5696 ⁷
1509 5642 1550 5710 de
1572 5644 1687 5711 Ohrist
1713 5666 1847 5728 reperet
1874 5666 1918 5711 en
1944 5644 1977 5710 1ο
2003 5645 2121 5712 iustice
2143 5645 2184 5712 de
2205 5646 2317 5728 Dien;

608 5730 611 5736 '
1328 5730 1370 5795 dc
1384 5665 1532 5814 mlle
1553 5753 1637 5797 nous
1655 5733 1778 5797 estions
1795 5730 1937 5797 deeheus
1958 5752 2019 5814 per
2035 5731 2160 5798 Adsm:
2181 5754 2318 5801 comme

772 5857 775 5862 ·
1328 5815 1354 5879 il
1380 5815 1479 5899 ploist
1506 5824 1527 5881 d
1553 5818 1642 5883 Dieu
1674 5817 1715 5883 de
1742 5819 1899 5882 restituor
1927 5838 1969 5882 en
2003 5817 2076 5882 leur
2102 5819 2210 5884 entier
2234 5827 2316 5887 tous

362 5947 1176 6032 rumpent,15o9.504;1sc12.ot1s§.7.
1329 5990 1535 6001 -...-
2337 5921 2339 5928 ’

366 6016 789 6103 2)Ιιῑριοηωοο1οε11οη.’
1007 6088 1013 6101 ι
1726 6087 1802 6105 .,.
1856 6091 1863 6104 1
2098 6092 2104 6104 Ι
2180 6091 2187 6106 Ι
2263 6096 2269 6107 Ι

327 6084 397 6206 ἂι13)
416 6087 547 6142 dclusser
570 6095 663 6143 vostre
686 6104 729 6143 ne
753 6103 895 6167 perverse,
912 6087 944 6169 'le
960 6087 1032 6142 utro
1051 6093 1146 6156 porte.-
1168 6088 1274 6143 cofene
1398 6090 2316 6187 1)1aereeredo§.oethpqutclorsdelodemereredoctwn.
2362 6134 2368 6166 ,

299 6156 942 6343 mnguqssnusurn
956 6224 1030 6279 n„
1046 6225 1071 6280 t
1086 6226 1165 6280 tt..
1395 6157 1428 6288 3
1444 6176 1516 6280 fet
1528 6177 1678 6298 sn,
1687 6160 1747 6281 11
1781 6159 2170 6312 tssstttds
2207 6231 2259 6288 t.
2428 6234 2432 6295 2

367 6292 399 6493 tl
417 6291 1274 6500 {srcltzdldliiill’ecttctuctn,
1327 6370 1356 6418 ο
1373 6293 1909 6502 νέξοὶἓξὲοὲἒὲἶῑοοῧὶῗῗὲὶ
1924 6299 1956 6490 ’.ἶ
1970 6299 2040 6491 ’ΪῩ
2058 6298 2149 6353 m
2428 6314 2432 6372 ³
