5042 7909
335 1281 396 1340 411
1011 1271 1310 1337 INSTITUTION
1331 1270 1669 1361 CHRESTIENNE.
2283 1276 2346 1337 412

335 1472 454 1527 mettre
487 1484 528 1525 en
563 1467 675 1537 ceute,
714 1465 909 1525 s’errestens
943 1461 1084 1544 plustost
1096 1459 1121 1542 ¹)
1154 1466 1175 1522 6
1207 1460 1313 1525 661661
1337 1476 1340 1487 ·
1365 1458 1551 1544 guillonnez
1580 1478 1640 1541 per
1667 1459 1755 1523 leurs
1777 1460 1898 1540 pechez
1926 1467 1947 1524 6
1973 1462 2069 1542 prior.
2115 1460 2161 1524 Et
2190 1461 2266 1542 puis
2294 1460 2346 1530 166

335 1549 475 1630 George,
498 1547 603 1611 sainct
625 1546 805 1628 Hippolite,
828 1557 861 1610 et
881 1547 1034 1629 pareilles
1055 1566 1215 1626 mesques.
1365 1545 1505 1609 elermcs
1539 1543 1783 1608 innumerebles
1795 1545 1819 1627 ¹)
1847 1546 1904 1627 qui
1936 1546 2009 1609 leur
2037 1554 2113 1610 sont
2146 1546 2298 1611 dressees
2326 1557 2347 1615 6

421 1633 510 1715 2112)
555 1630 605 1696 Or
626 1630 774 1696 combieu
795 1654 858 1716 que
879 1633 1041 1709 l’oreison,
1065 1639 1086 1696 6
1107 1631 1216 1714 parler
1237 1652 1312 1713 pro·
1364 1632 1511 1697 chacune
1538 1630 1656 1705 heure,
1686 1630 1735 1694 les
1757 1653 1780 1714 y
1804 1631 1949 1713 doyvent
1976 1653 2114 1713 pousser
2143 1652 2187 1696 eu
2214 1631 2344 1700 double.

334 1727 498 1805 prement,
528 1741 569 1782 uc
591 1739 789 1799 comprenne
812 1741 874 1801 que
901 1719 949 1783 los
979 1727 1147 1800 requestes
1175 1725 1208 1780 et
1235 1739 1312 1800 sup·
1365 1715 1479 1797 Quent
1501 1737 1544 1780 eu
1566 1718 1710 1781 sacrifice
1732 1716 1772 1779 do
1801 1716 1942 1800 lauange
1970 1727 2003 1781 et
2030 1719 2137 1782 action
2168 1718 2210 1783 de
2236 1740 2343 1801 grece,

333 1805 523 1889 plicatione,
552 1803 722 1869 toutcsfois
750 1803 773 1867 il
801 1827 824 1887 y
852 1825 871 1866 6
897 1805 976 1869 16116
1005 1804 1130 1868 61116116
1158 1810 1251 1867 entre
1280 1804 1312 1866 le
1365 1825 1446 1867 6666
1468 1804 1524 1886 n'y
1543 1823 1691 1884 pouvons
1713 1804 1793 1866 faire
1816 1803 2036 1886 interruption
2055 1826 2132 1869 sens
2151 1804 2258 1887 grand
2275 1806 2343 1870 for-

334 1891 496 1958 demendc
519 1899 552 1955 et
574 1891 681 1954 action
699 1889 739 1953 (16
762 1912 884 1973 greces,
908 1891 986 1973 qu’il
1005 1894 1062 1973 n’y
1081 1912 1100 1953 e
1117 1890 1211 1972 point
1228 1889 1311 1953 d'iu-
1364 1888 1436 1952 fait:
1469 1910 1532 1952 166
1558 1910 1620 1970 (616
1648 1888 1737 1952 Dieu
1765 1910 1807 1952 ne
1836 1911 1925 1953 cesse
1953 1890 2132 1955 d'emesser
2159 1890 2344 1958 bien-faits

335 1979 530 2044 convenient
559 1975 599 2039 de
626 1976 814 2039 conioindre
844 1975 891 2040 les
921 1977 1006 2040 deux
1036 1974 1211 2040 ensemble.
1258 1981 1310 2039 Au
1363 1974 1412 2038 les
1434 1996 1498 2037 uns
1520 1994 1577 2038 sur
1599 1974 1647 2039 les
1669 1983 1788 2051 autres,
1812 1995 1895 2056 pour
1915 1997 1998 2041 nous
2017 1975 2228 2041 eontreindre
2247 1984 2269 2040 a
2285 1978 2345 2063 luy

335 2071 439 2142 roste,
468 2064 515 2127 les
543 2082 673 2143 especes
700 2083 762 2144 que
793 2062 899 2127 sainct
919 2062 1006 2127 Paul
1035 2063 1135 2126 recite
1158 2062 1311 2125 611616-
1365 2080 1408 2123 66
1436 2060 1517 2123 faire
1545 2061 1829 2142 recoguoissenco,
1858 2062 1996 2143 quelque
2019 2083 2197 2144 peresseux
2221 2070 2345 2127 61166-

336 2148 466 2231 thee,⁸)
489 2170 523 2213 se
545 2155 777 2230 rapportente
799 2148 830 2210 16
852 2149 1013 2230 premiere
1035 2149 1154 2230 partie,
1184 2147 1239 2229 qui
1263 2156 1313 2211 est
1365 2144 1427 2209 difs
1455 2166 1518 2226 que
1544 2166 1627 2209 nous
1656 2166 1783 2229 soyons.
1829 2147 1923 2226 Bref,
1954 2148 2001 2212 les
2029 2148 2192 2231 lergesses
2222 2148 2264 2212 (16
2293 2171 2345 2215 ses

335 2234 376 2300 de
396 2235 542 2317 supplier
563 2246 596 2296 et
617 2233 765 2314 requerir
782 2234 878 2298 Dieu.
912 2234 967 2298 En
986 2254 1073 2316 quoy
1091 2234 1212 2297 feisent
1229 2254 1312 2298 noue
1366 2230 1532 2295 bien-faits
1550 2233 1607 2314 qui
1628 2231 1811 2296 redundent
1831 2255 1888 2297 sur
1909 2256 2000 2312 nous,
2024 2245 2099 2298 sont
2116 2236 2144 2299 si
2163 2234 2291 2316 emples
2310 2244 2344 2300 et

335 2320 521 2404 espendons
546 2339 606 2383 nos
635 2318 740 2383 desire
769 2318 891 2383 dorent
917 2320 988 2404 luy,
1020 2340 1104 2402 pour
1134 2317 1313 2383 demender
1364 2316 1589 2394 continuelles,
1612 2327 1646 2380 et
1667 2318 1715 2382 les
1735 2318 1886 2384 miracles
1905 2318 1945 2383 de
1967 2341 2018 2384 ses
2037 2341 2176 2398 oeuvres,
2200 2321 2343 2404 quelque

336 2415 465 2472 166166
489 2406 543 2487 qui
566 2412 634 2469 sert
655 2412 676 2468 6
696 2406 870 2487 magnifier
893 2426 953 2470 son
972 2426 1048 2469 nom
1066 2414 1099 2468 et
1117 2424 1258 2468 eveucer
1276 2425 1313 2469 se
1364 2413 1439 2485 pert
1467 2407 1564 2486 qu’ou
1591 2403 1702 2485 puisse
1732 2404 1903 2487 regerdcr,
1932 2407 2157 2489 apparuissent
2178 2406 2207 2470 si
2232 2428 2342 2489 grene,

336 2493 449 2578 gleire,
473 2513 537 2574 que
559 2489 607 2555 les
630 2490 722 2555 biens
745 2492 801 2572 qui
824 2501 899 2556 sont
920 2512 1005 2573 pour
1027 2500 1138 2554 nostre
1160 2511 1261 2574 usage
1280 2497 1314 2554 et
1364 2490 1392 2553 si
1414 2488 1577 2553 excellens
1605 2496 1638 2552 et
1664 2490 1788 2567 infinie,
1817 2511 1879 2572 que
1906 2492 2022 2555 iemais
2048 2513 2089 2555 66
2116 2513 2202 2556 6666
2231 2491 2343 2558 defeut

335 2579 441 2662 profit.
487 2579 541 2642 En
564 2576 704 2640 rendent
726 2598 849 2659 greces,
872 2599 954 2641 6666
976 2577 1034 2661 luy
1055 2578 1176 2641 saisons
1197 2575 1312 2640 l’hom-
1364 2594 1461 2638 66666
1490 2581 1524 2638 61
1550 2576 1687 2639 metiore
1709 2575 1749 2639 de
1775 2575 1806 2639 le
1833 2576 1939 2654 louer,
1969 2578 2113 2660 glorifier
2139 2588 2174 2642 61
2204 2578 2341 2657 exultet,

334 2686 431 2748 megc
453 2665 509 2745 qui
535 2669 587 2727 est
610 2662 673 2726 deu
696 2669 716 2726 6
738 2684 790 2727 666
813 2662 988 2740 benefices,
1018 2669 1203 2746 protestans
1232 2684 1311 2729 avec
1364 2658 1460 2724 etde
1486 2660 1544 2744 luy
1567 2659 1685 2725 rendre
1713 2682 1826 2745 greces
1855 2684 1897 2726 en
1924 2672 1997 2726 tout
2023 2673 2056 2727 ot
2082 2684 2142 2747 par
2169 2671 2252 2727 tout
2297 2666 2343 2729 Et

334 2751 475 2833 louenge
498 2769 560 2831 que
584 2755 656 2812 1661
678 2770 715 2813 66
737 2769 799 2830 que
823 2770 905 2813 nous
927 2770 1029 2813 eveus
1051 2746 1092 2813 (16
1114 2748 1199 2828 bien,
1228 2769 1311 2813 6666
1364 2747 1431 2809 6116
1448 2766 1512 2827 que
1533 2766 1611 2831 cecy
1630 2748 1693 2811 soit
1715 2749 1826 2812 mieux
1844 2749 2004 2831 explique,
2016 2749 2045 2833 ²)
2067 2750 2141 2832 puis
2162 2771 2229 2831 que
2250 2760 2342 2814 toute

335 2838 426 2901 vient
449 2835 489 2899 de
511 2856 548 2899 se
573 2832 744 2898 liberalite.
788 2834 900 2899 David
921 2857 940 2898 e
961 2835 1125 2918 comprins
1148 2856 1202 2900 ces
1225 2834 1313 2898 deux
1364 2841 1475 2896 nostre
1503 2853 1679 2916 espereuee
1701 2841 1735 2897 et
1756 2841 1829 2898 tout
1849 2841 1960 2899 nostre
1982 2834 2058 2898 bien
2080 2835 2254 2899 tellement
2276 2837 2343 2919 gist

335 2923 459 3004 parties
482 2941 525 2984 cn
547 2919 671 2997 (116661,
695 2920 846 3003 Invoque
868 2942 947 3005 moy
970 2943 1013 2985 eu
1040 2922 1113 2985 iour
1136 2920 1176 2983 de
1197 2921 1231 2985 le
1252 2941 1311 2984 66-
1364 2940 1404 2982 66
1422 2918 1518 2995 Dieu,
1538 2938 1662 2982 comme
1680 2919 1704 2983 il
1722 2939 1742 2982 e
1758 2940 1819 3002 per
1836 2942 1877 3002 cy
1894 2918 2016 2986 devant
2033 2941 2122 2985 essez
2142 2929 2213 2985 este
2232 2943 2344 2986 mons-

336 3011 464 3074 cessite:
492 3007 523 3070 ie
551 3013 583 3070 te
613 3006 812 3091 delivrerey,
841 3015 875 3071 et
896 3015 933 3071 tu
954 3028 1007 3071 me
1030 3007 1210 3090 glorifieres
1239 3007 1310 3089 (Ps.
1365 3010 1423 3080 tre,
1446 3025 1510 3085 que
1532 3026 1574 3068 66
1595 3026 1694 3083 6666,
1715 3027 1757 3069 66
1779 3015 1850 3070 tout
1871 3026 1908 3071 ce
1930 3008 1985 3088 qui
2008 3016 2059 3070 est
2080 3015 2207 3085 nostre,
2232 3008 2345 3089 etqui

337 3092 476 3173 50,15).
521 3092 734 3156 L'Escriture
763 3112 829 3156 non
858 3114 935 3158 sens
962 3114 1058 3158 66666
1085 3114 1167 3156 6666
1195 3091 1311 3156 edver-
1364 3108 1447 3154 nous
1467 3111 1639 3167 concerno,
1669 3113 1712 3156 ne
1740 3112 1888 3173 pouvons
1907 3102 2138 3157 eucunement
2163 3114 2346 3176 prosperet

337 3181 397 3243 tist
414 3177 454 3242 de
473 3199 555 3242 nous
574 3198 708 3242 exereer
724 3179 978 3243 inceseemment
995 3200 1039 3242 en
1055 3187 1130 3243 tous
1148 3178 1196 3243 les
1215 3177 1310 3242 deux.
1364 3196 1427 3256 que
1448 3196 1510 3258 per
1527 3197 1564 3240 se
1581 3174 1798 3242 benediction:
1828 3178 1852 3241 il
1876 3180 1948 3241 feut
1971 3178 2045 3242 bien
2069 3200 2132 3261 que
2156 3180 2347 3243 continuel·

336 3263 417 3343 Oer,
446 3283 571 3329 comme
600 3285 683 3328 nous
711 3285 813 3329 eveus
835 3262 884 3328 dit
911 3265 1098 3347 eilleurs,⁴)
1127 3272 1161 3328 61
1190 3265 1312 3347 l'expo-
1364 3260 1488 3325 lement
1529 3262 1588 3346 luy
1627 3263 1946 3343 recommendions⁸)
1994 3271 2026 3328 61
2059 3286 2158 3343 6666,
2202 3274 2237 3327 61
2272 3272 2349 3330 1661

337 3352 445 3415 rienee
466 3350 498 3413 lo
520 3356 665 3413 monstro
687 3371 747 3432 per
768 3358 856 3431 trop,
885 3359 996 3415 nostre
1018 3350 1191 3434 indigence
1213 3356 1264 3415 est
1284 3350 1313 3414 si
1365 3367 1401 3412 ce
1419 3347 1475 3429 qui
1497 3355 1547 3411 est
1569 3356 1687 3413 nostre.
1721 3349 1926 3432 Deventege,
1949 3371 2012 3431 quo
2032 3358 2106 3413 tout
2123 3372 2158 3414 ce
2177 3365 2243 3432 que
2263 3373 2349 3417 noue

336 3434 470 3520 grande,
495 3444 529 3498 et
551 3457 633 3499 nous
656 3456 797 3499 sommes
820 3436 861 3500 (16
882 3445 957 3501 1666
975 3446 1082 3501 costen
1105 3437 1133 3501 si
1154 3436 1219 3500 fort
1236 3457 1313 3501 con·
1364 3453 1555 3516 proposons,
1579 3433 1689 3499 discus
1707 3443 1740 3497 et
1756 3436 1887 3512 feisons,
1910 3436 1975 3499 soit
1991 3445 2139 3518 propose,
2165 3435 2217 3499 dit
2234 3448 2271 3501 et
2289 3438 2350 3501 fait

336 3524 455 3586 truints
484 3530 519 3585 et
546 3541 675 3602 pressee
704 3542 746 3585 66
775 3522 938 3604 plusieurs
961 3523 1116 3596 (16611616,
1146 3544 1209 3604 que
1238 3532 1313 3586 tous
1366 3540 1442 3583 sous
1463 3540 1500 3583 se
1522 3519 1612 3582 mein
1635 3528 1668 3584 et
1691 3520 1833 3597 volente,
1864 3528 1898 3586 61
1925 3542 1967 3584 66
1995 3521 2197 3603 l'esperance
2220 3522 2265 3587 de
2289 3545 2351 3587 son

335 3619 393 3672 out
414 3628 503 3672 essen
527 3605 567 3670 de
590 3608 699 3670 raison
723 3606 762 3670 dc
785 3608 950 3690 souspiror
972 3608 1239 3672 assiduellement
1257 3608 1313 3671 de·
1367 3604 1447 3669 eide.
1493 3604 2142 3688 061666116861666611666561666
2174 3629 2261 3673 ceux
2291 3611 2351 3691 qui

336 3703 418 3758 vent
439 3693 506 3777 luy,
531 3700 565 3756 et
590 3692 620 3756 16
643 3692 788 3775 supplier
810 3694 888 3775 qu’il
911 3694 958 3758 les
981 3693 1062 3757 eide.
1108 3693 1175 3759 Oer
1197 3715 1314 3759 encore
1367 3712 1408 3755 cn
1430 3691 1534 3755 fience
1557 3691 1823 3769 deux-mesmes,
1853 3714 1895 3757 ou
1917 3692 2081 3777 d'eutruy,
2109 3705 2292 3776 proposent
2313 3705 2351 3759 et

336 3784 519 3862 qu’eucuns
548 3800 590 3842 ne
616 3789 733 3863 soyent
760 3781 854 3861 point
882 3778 992 3844 bettus
1022 3779 1251 3858 d’adversitee,
1286 3780 1313 3843 si
1367 3774 1549 3841 deliberent
1576 3777 1649 3841 leur
1669 3778 1791 3843 conseil
1813 3787 1847 3843 61
1867 3780 1939 3843 1661
1967 3801 2094 3844 666666
2123 3781 2348 3863 entreprinse,

336 3873 439 3931 66166
462 3886 526 3946 que
553 3863 603 3927 les
630 3865 705 3948 plus
732 3865 854 3931 saincte
881 3865 1026 3947 doyveut
1048 3865 1122 3929 bion
1151 3872 1238 3930 estre
1267 3866 1315 3929 ei·
1367 3870 1401 3926 61
1412 3863 1546 3927 veuleut
1567 3885 1770 3929 commencer
1791 3865 1928 3947 quelque
1950 3865 2047 3930 chose
2069 3865 2146 3929 hors
2171 3865 2212 3931 de
2234 3888 2273 3931 se
2287 3888 2351 3931 vo-

361 3998 363 4003 .
1366 3948 1471 4027 lente,
1501 3956 1535 4012 et
1560 3972 1637 4014 sens
1664 3950 1847 4032 l’invoquer
1868 3951 2058 4033 n’implorer
2079 3973 2139 4016 son
2163 3952 2239 4016 eide
2262 3952 2351 4036 (leq.

1367 4036 1872 4120 4,13.14;Ι6.30,1;31,1).
1917 4038 1963 4101 Et
1990 4038 2063 4120 61116
2085 4037 2201 4122 qu'il⁴)
2231 4059 2253 4100 e
2282 4047 2353 4103 este

404 4136 433 4204 1)
451 4137 613 4192 s'errestens
632 4140 758 4207 plustost,
776 4140 800 4191 le
816 4139 886 4193 latin
904 4139 960 4193 dit:
977 4140 1028 4193 nisi
1039 4140 1171 4194 accedent
1181 4138 1314 4208 Georgius
1367 4119 1458 4184 (10818
1480 4119 1529 4183 dit
1545 4121 1685 4203 quelque
1707 4122 1776 4201 sois,
1799 4127 1895 4204 qu'on
1917 4144 1960 4186 nc
1982 4123 2041 4206 luy
2057 4123 2141 4188 rend
2159 4145 2223 4205 pas
2241 4124 2354 4189 l'hon-

336 4213 364 4260 et
380 4206 553 4275 Hippolytus.
1368 4226 1452 4269 neur
1479 4210 1575 4289 qu'on
1604 4207 1661 4291 luy
1682 4207 1763 4285 doit,
1793 4210 1887 4273 sinon
1915 4208 1993 4290 qu’il
2022 4210 2087 4273 soit
2112 4230 2266 4293 recognu
2292 4232 2354 4275 eu·

335 4359 371 4397 m
388 4274 495 4397 &911⁶
506 4272 940 4398 didetl'llbdged'tdrsstebdoeell
960 4275 1067 4398 {saiw
1087 4273 1316 4398 l'ffislssfflffg
1367 4291 1465 4354 theur
1486 4292 1525 4356 de
1547 4300 1618 4356 tout
1639 4294 1725 4372 bien,
1746 4294 1771 4357 il
1793 4296 1928 4359 s'ensuit
1944 4316 2008 4376 que
2027 4315 2109 4359 noue
2127 4294 2260 4362 devons
2277 4304 2354 4360 tout

286 4465 290 4473 ι
336 4410 404 4464 1541
417 4429 448 4481 p.
458 4382 532 4482 ’ως
559 4411 627 4465 1545
645 4430 675 4481 p.
694 4412 758 4480 7323
784 4399 852 4465 1551
870 4362 905 4467 893.
916 4362 989 4468 ⁸th
994 4362 1100 4482 X'Q‘
1117 4363 1167 4465 ᾗ,
1191 4386 1315 4481 Oroison,
1366 4377 1508 4460 prendre
1530 4398 1655 4444 comme
1678 4379 1717 4443 de
1739 4402 1776 4444 ee
1796 4381 1894 4458 mein,
1918 4402 1998 4446 eveo
2019 4381 2222 4456 coutinuelle
2243 4383 2355 4448 action

336 4498 527 4536 commeneus
546 4482 717 4551 lepreuous,
736 4483 994 4550 hedcuxperties:
1018 4482 1084 4537 c'eet
1102 4486 1118 4538 6
1136 4500 1149 4536 6
1167 4484 1250 4549 avoir,
1269 4497 1315 4549 pe·
1367 4462 1408 4526 de
1430 4485 1557 4547 grades:
1582 4473 1616 4528 61
1637 4465 1715 4547 qu'il
1737 4470 1793 4550 n'y
1815 4489 1835 4531 a
1857 4466 1915 4530 nul
1937 4466 2003 4531 bon
2024 4487 2145 4549 moyen
2168 4467 2354 4535 (16116666-

334 4551 415 4604 111166
433 4548 514 4618 (1551
531 4566 580 4604 se:
598 4554 737 4618 requeste)
757 4559 785 4605 et
803 4553 892 4605 action
911 4551 944 4604 de
962 4568 1071 4619 greces:
1091 4569 1137 4605 cer
1151 4502 1192 4604 les
1202 4566 1314 4618 especes
1367 4559 1459 4613 ment
1479 4572 1556 4614 mor
1578 4550 1618 4614 de
1640 4573 1692 4616 sps
1721 4553 1906 4629 biflfffaits,
1936 4554 1991 4635 qui
2019 4570 2102 4617 „005
2132 4562 2213 4617 gont
2242 4557 2354 4619 confi.

335 4635 388 4739 qpe
406 4621 489 4674 recite
508 4619 679 4674 SeinctPeul
696 4627 861 4689 revyennent
878 4628 969 4675 tontes
987 4623 1004 4674 6
1022 4637 1066 4674 666
1085 4620 1155 4673 deux
1174 4620 1315 4673 membres.

362 4696 373 4740 t
389 4705 439 4755 par
455 4689 570 4757 petition
589 4688 682 4751 (ibid.-
700 4690 838 4755 requesto)
858 4706 927 4743 nous
945 4705 1082 4757 exposons
1101 4692 1117 4744 a
1134 4688 1203 4741 Dieu
1221 4696 1314 4741 nostre
1446 4723 1452 4734 ·
1954 4725 1960 4737 .
2284 4728 2290 4739 .

337 4772 410 4809 coeur
428 4764 456 4809 et
474 4757 561 4825 desir,
580 4773 726 4824 requerens
745 4757 778 4810 de
798 4774 828 4811 se
846 4758 942 4823 116616,
966 4759 1173 4825 premierement
1191 4758 1231 4810 166
1250 4757 1313 4809 cho·
1366 4722 1549 4820 ⁰⁰nt¹⁰uf³l⁸
1562 4722 1624 4787 9¹¹³
1635 4723 1770 4823 l⁰u⁰r‚⁰l
1783 4724 1813 4787 1⁰
1826 4746 2009 4823 remel'fflffl'·
2033 4723 2100 4789 ΟΜ
2114 4726 2228 4807 quand
2245 4736 2355 4825 semet

337 4839 382 4877 ees
407 4826 451 4890 qui
476 4825 626 4879 seulement
648 4825 760 4878 tendent
782 4833 810 4878 et
834 4833 943 4879 servent
966 4829 982 4880 1
1005 4842 1036 4880 66
1057 4827 1156 4894 gleire:
1182 4833 1210 4878 et
1232 4841 1313 4892 epres
1365 4806 1451 4871 Paul
1473 4806 1522 4870 dit
1544 4817 1616 4873 16116
1636 4809 1683 4875 les
1705 4808 1798 4873 biens
1820 4809 1860 4874 de
1882 4811 1969 4875 Dleu
1995 4832 2077 4875 nous
2105 4819 2196 4875 estre
2227 4821 2354 4879 61111611·

337 4892 419 4945 661166
438 4895 483 4960 qui
500 4910 569 4946 6666
589 4901 651 4947 6661
674 4895 746 4947 66661
764 4894 844 4947 utiles
868 4901 896 4947 et
913 4895 979 4948 dont
1002 4911 1071 4948 nous
1089 4910 1174 4949 avons
1192 4895 1314 4962 besoing.
1366 4893 1425 4956 fiez
1454 4914 1515 4975 par
1536 4893 1568 4956 la
1589 4895 1719 4959 Parollc
1742 4904 1775 4959 et
1796 4896 1926 4960 oraison
1953 4896 1982 4975 (l
2008 4897 2093 4960 Tim.
2111 4901 2142 4975 4,
2165 4899 2203 4982 5)
2232 4920 2292 4982 par
2310 4920 2355 4965 66

335 4959 373 5013 Et
391 4977 441 5028 par
458 4963 547 5015 action
566 4962 599 5015 de
623 4977 718 5030 greces
743 4978 811 5016 nous
830 4964 1055 5031 recouguoissons
1086 4980 1130 5018 ses
1154 4963 1312 5043 bieusleictz
1365 4979 1388 5041 fl
1412 4977 1598 5044 demonstro
1619 4982 1708 5045 aussi
1752 5002 1815 5064 que
1836 5004 1914 5046 sans
1940 4982 1974 5046 qa
1993 4982 2125 5047 parone
2154 4992 2191 5047 et
2219 4985 2357 5050 oraison

336 5044 433 5082 envers
451 5046 520 5083 nous
539 5037 566 5083 et
584 5031 624 5083 les
643 5030 803 5085 confessous
821 5033 838 5085 1
856 5048 886 5085 66
904 5032 1033 5099 louenge:
1057 5032 1082 5085 le
1102 5039 1261 5085 remercraut
1279 5031 1312 5084 de
1716 5033 1723 5059 ’

335 5104 427 5177 tontes
446 5097 552 5164 choses,
571 5098 667 5177 eu'luy
686 5099 806 5152 donnant
823 5100 850 5151 le
867 5100 952 5167 gleire
970 5100 1181 5167 generallement
1198 5100 1231 5154 de
1250 5107 1313 5154 tous
1364 5064 1405 5163 118
1434 5086 1475 5128 ¹¹⁰
1503 5085 1587 5129 ¹¹⁰¹¹⁸
1615 5075 1689 5131 ⁸⁰¹¹t
1715 5088 1774 5150 1131Β
1804 5069 2017 5151 ⁶a⁰⁰llfiez·⁵l
2060 5069 2090 5133 P
2091 5090 2130 5132 ar
2148 5069 2195 5168 ,¹⁸
2219 5071 2358 5137 Pamflfl

336 5166 426 5219 biens:
450 5172 478 5219 et
501 5166 541 5219 les
560 5168 708 5221 ettnbuens
732 5168 797 5220 166
820 5168 910 5221 116616.
946 5167 1104 5235 Lesquelles
1123 5169 1193 5222 deux
1210 5170 1313 5236 parties
1364 5151 1389 5214 1l
1418 5150 1577 5234 enwssd⁸)
1605 5152 1637 5216 18
1665 5155 1732 5237 foy,
1762 5153 1902 5238 laquelle
1930 5176 1949 5218 a
1975 5154 2306 5242 wrrflsspondflnoe7)
2336 5167 2360 5224 ὲ

336 5234 423 5286 David
442 5235 587 5301 compreud
606 5252 639 5288 66
656 5253 692 5288 un
710 5252 786 5303 vers,
811 5235 900 5289 disant
918 5252 951 5289 en
970 5236 996 5288 le
1014 5251 1148 5302 personne
1167 5237 1200 5290 de
1218 5245 1311 5290 nostre
1929 5269 1930 5276 .

336 5302 479 5371 Seigneur:
503 5303 678 5371 Iunoque-mo
720 5321 754 5356 au
777 5305 837 5357 iour
854 5303 887 5356 de
906 5310 934 5356 te
957 5306 1104 5358 necessite:
1133 5312 1161 5357 et
1178 5306 1203 5358 ie
1221 5312 1247 5358 16
1267 5305 1311 5358 de·

336 5371 452 5441 livrerey
481 5378 509 5424 et
534 5379 564 5425 tu
591 5388 633 5425 me
662 5322 813 5440 glorifieras
837 5370 955 5439 (Pseu,
975 5372 1028 5439 15).
1068 5372 1109 5425 De
1133 5380 1223 5426 tontes
1241 5373 1312 5426 deux

336 5457 406 5495 nous
433 5440 535 5494 devous
559 5441 796 5494 continuellement
824 5456 899 5494 user:
932 5458 979 5494 cer
1003 5447 1096 5495 nostre
1119 5440 1258 5509 indigcuce
1285 5449 1313 5495 et

358 5512 451 5563 ovrete
475 5517 517 5562 est
542 5510 565 5562 si
588 5509 703 5577 grende,
730 5516 823 5563 nostre
841 5509 1028 5577 imperfectiori
1047 5509 1079 5563 de
1092 5516 1160 5578 ,tous
1180 5517 1271 5563 costez
1290 5511 1313 5563 si
1433 5511 1462 5576 1)
1481 5513 1523 5564 Le
1540 5512 1609 5564 latia
1627 5512 1732 5578 ojooto:
1751 5514 1936 5566 tentationum.

336 5526 393 5632 lore
414 5595 484 5632 6666
507 5594 601 5646 presse
628 5586 656 5631 et
679 5594 748 5631 nous
771 5579 875 5646 gricve,
906 5593 957 5644 que
982 5594 1011 5631 ce
1030 5577 1105 5631 doibt
1128 5579 1189 5632 bien
1207 5580 1224 5631 1
1240 5585 1312 5645 tous,
1432 5578 1463 5642 2)
1482 5578 1549 5632 1541
1567 5596 1601 5633 es.
1620 5588 1645 5634 et
1661 5597 1757 5635 encore
1774 5580 1843 5634 1560
1861 5581 1985 5635 et1561:
2010 5581 2046 5634 Et
2070 5584 2086 5636 a
2112 5582 2151 5636 fin
2176 5602 2235 5654 que
2262 5606 2364 5646 mreux

336 5649 411 5700 voire
431 5664 483 5701 eux
507 5648 569 5715 plus
594 5648 712 5713 scinctz,
736 5646 839 5700 donner
857 5647 982 5699 occasion
1000 5646 1033 5699 de
1052 5648 1069 5700 6
1086 5654 1162 5699 16616
1179 5646 1263 5699 heure
1283 5663 1312 5700 se
1364 5665 1429 5717 cocy
1447 5651 1499 5701 soit
1517 5650 1651 5718 expliquo.
2290 5648 2299 5658 '

357 5715 459 5769 leindre
477 5724 506 5769 et
523 5716 661 5782 seuspirer
679 5717 695 5768 a
711 5714 795 5782 Dieu,
819 5713 897 5767 etde
915 5712 1064 5781 l’iuvoquer
1082 5731 1115 5768 en
1133 5722 1209 5768 toute
1227 5716 1311 5778 humi:
1432 5716 1461 5780 3)
1482 5715 1548 5770 1541
1567 5725 1591 5771 et
1610 5716 1690 5771 1545:
1709 5719 1939 5773 recommendious
1959 5720 2045 5785 eloy.

336 5732 391 5836 lite.
416 5783 458 5836 Eu
477 5784 565 5837 oultre
584 5784 720 5851 siemples
739 5791 767 5837 et
785 5784 807 5836 si
823 5782 999 5836 continuelles
1011 5784 1146 5852 largesses
1159 5784 1206 5838 des
1224 5785 1312 5837 biens·
1432 5785 1463 5849 4)
1485 5784 1550 5839 1551
1568 5802 1603 5840 ee.
1624 5788 1671 5840 Ob.
1690 5786 1754 5840 XV.
1772 5791 1796 5850 ς.
1813 5786 1860 5854 22;
1881 5786 1949 5840 1541
1962 5805 1992 5855 6.
2010 5787 2075 5856 538;
2097 5788 2171 5844 1545
2187 5794 2301 5860 12783:
2321 5796 2362 5850 De

337 5850 417 5904 feictz
436 5852 469 5905 de
493 5859 586 5908 nostre
605 5852 649 5906 Sei
686 5868 734 5905 eur
756 5851 906 5905 redoudeut
925 5868 971 5904 sur
994 5869 1061 5907 6666
1086 5851 1182 5916 1,1551;
1201 5854 1241 5906 166
1260 5853 1312 5905 lar·
1365 5869 1395 5906 ce
1422 5855 1467 5921 qui
1497 5858 1593 5908 eesti·
1617 5856 1685 5923 dict,
1707 5855 1771 5924 qu’il
1794 5873 1862 5911 nous
1885 5857 1955 5909 fault
1978 5859 2065 5910 croire
2092 5868 2123 5912 et
2146 5868 2361 5931 recouguoistre

356 5933 431 5971 66666
449 5960 455 5972 .
473 5960 480 5972 .
499 5961 505 5972 .
523 5958 529 5970 .
548 5922 593 5988 qui
615 5937 644 5974 re
665 5920 765 5973 cudent
787 5936 834 5973 sur
854 5936 923 5973 nous
942 5928 1003 5973 sont
1027 5923 1049 5974 si
1067 5924 1170 5990 amplos
1189 5925 1265 5986 ete.):
1285 5929 1312 5975 et
1364 5919 1426 5989 qu’il
1446 5928 1488 5975 ost
1506 5925 1620 5977 eutheur
1637 5924 1670 5978 de
1689 5932 1749 5978 tout
1767 5926 1828 5978 bien
1845 5931 1892 5977 etc.

338 5934 380 6064 166
396 5986 518 6064 (61166166
542 5989 575 6041 (16
594 6005 638 6043 666
656 6005 762 6043 oeuvres
780 5994 827 6043 etc.
870 5981 946 6041 Poor
969 6004 997 6041 ce
1014 5990 1063 6057 qui
1084 5992 1140 6043 seit
1163 5991 1314 6043 l'aeeieeer
1432 5990 1462 6053 5)
1481 5992 1515 6045 116
1540 6008 1574 6045 66
1601 6010 1670 6047 6666
1695 6002 1757 6047 6661
1779 6011 1829 6061 666
1859 5992 2011 6061 sanctifice,
2035 5993 2060 6047 le
2082 5994 2160 6049 latin
2186 6015 2221 6053 a:
2254 6005 2360 6056 mmime

337 6052 480 6106 redecima
497 6052 572 6109 6614
589 6058 737 6110 conoeroe‘e.
1364 6068 1459 6111 sancte
1477 6068 1504 6112 et
1521 6076 1590 6127 pure
1607 6063 1684 6115 nobis
1704 6079 1773 6116 esse.

406 6118 437 6179 3)
456 6122 637 6191 1Τ16ιο11116,
655 6126 723 6178 e’est
736 6141 791 6193 pao
808 6126 880 6179 dene
897 6125 920 6179 le
938 6125 1016 6177 16161.
1433 6126 1463 6188 6)
1484 6128 1524 6181 Le
1541 6128 1610 6182 latin
1628 6131 1734 6193 ojoete:
1751 6132 1936 6200 metonymice.

406 6185 437 6253 4)
455 6205 556 6243 comme
574 6207 643 6246 nous
660 6210 744 6247 avons
764 6195 803 6247 dit
820 6196 937 6259 eilleurs,
955 6209 1071 6261 maeque
1088 6195 1294 6249 (16661616εὲ6.
1336 6159 1339 6246 1
1434 6194 1462 6262 1)
1482 6199 1729 6265 correspondeuce,
1742 6197 1809 6251 1541
1828 6206 1854 6252 et
1870 6197 1952 6253 1545:
1972 6202 2152 6258 6666161166.
2233 6249 2236 6252 .

1366 4634 1569 4700 uuellement
1586 4636 1723 4721 eslergis
1740 4639 1781 4702 de
1798 4639 1865 4723 luy,
1885 4639 1913 4703 si
1931 4659 2014 4702 nous
2032 4660 2075 4702 66
2093 4660 2242 4706 66616166
2260 4642 2354 4706 aussi
