5042 7909
269 1320 351 1381 1245

267 1505 337 1558 Βίου
355 1505 413 1558 οου1
430 1509 555 1558 cresteur
572 1506 606 1558 de
624 1512 714 1560 tontes
732 1506 834 1571 choses,
854 1505 878 1572 1,
897 1504 938 1574 14,
956 1505 981 1558 3.

268 1591 338 1643 Βίου
357 1597 399 1643 est
416 1591 441 1643 1ο
460 1591 572 1644 doctenr
590 1591 638 1644 des
655 1592 755 1657 fideles,
774 1590 799 1657 3,
818 1590 843 1657 2,
861 1590 885 1644 3.

268 1677 337 1730 Βίου
356 1684 399 1729 cst
415 1676 477 1744 inge
495 1676 529 1729 de
548 1681 609 1729 tout
625 1678 650 1729 1ο
669 1677 775 1744 monde,
795 1676 879 1748 1„16,
899 1677 923 1731 6.

268 1762 340 1833 Βίου
359 1767 401 1814 est
418 1763 575 1831 legislsteur
592 1762 724 1832 spiritnel,
743 1762 768 1829 2,
786 1761 811 1829 3,
824 1762 854 1816 6.

268 1847 337 1900 Βίου
356 1854 399 1900 est
416 1849 461 1918 loy
481 1847 497 1900 i
514 1865 563 1918 soy
581 1865 689 1913 mesme,
708 1847 733 1917 3,
750 1848 792 1914 23,
811 1848 835 1902 2.

267 1933 336 1985 Βίου
355 1938 399 1986 est
417 1935 620 2002 tent-puissent,
640 1934 664 1999 1,
686 1933 724 2000 16,
743 1933 760 1987 2
776 1953 798 1988 s.

267 2019 337 2071 Βίου
355 2025 397 2072 est
415 2019 536 2089 l'esponx
555 2020 589 2072 de
606 2018 725 2088 l'Eglise,
744 2021 768 2084 2,
787 2020 812 2084 8,
831 2018 873 2073 18.

268 2104 337 2157 Βίου
356 2109 399 2157 est
416 2104 452 2158 de
470 2110 566 2158 usture
584 2107 689 2170 liberal,
707 2105 732 2172 3,
750 2105 792 2172 20,
810 2104 852 2159 26.

267 2190 337 2242 Βίου
355 2196 397 2242 est
414 2189 475 2260 Roy
494 2191 606 2256 eternel,
626 2190 650 2256 3,
668 2190 710 2257 20,
728 2190 771 2244 42.

267 2275 337 2328 Βίου
354 2282 397 2327 est
415 2277 550 2328 tousioure
568 2277 716 2330 semblable
735 2275 751 2328 υ
768 2293 826 2346 soy,
846 2276 868 2341 1,
887 2276 913 2342 4,
932 2275 949 2328 2
967 2293 1003 2339 ο.;
1022 2274 1046 2342 2,
1066 2274 1106 2342 11,
1126 2275 1167 2330 13.

267 2361 337 2413 Βίου
363 2377 392 2414 οο
419 2361 487 2413 reud
510 2368 688 2415 sncunement
711 2362 808 2415 risible
832 2378 866 2415 en
894 2363 921 2414 1ο
946 2378 1082 2431 personne
1109 2363 1143 2416 de
1167 2363 1242 2416 Iesus

319 2446 417 2511 Christ,
436 2446 461 2512 2,
480 2445 504 2512 9,
524 2445 549 2498 1.

267 2533 337 2586 Βίου
354 2551 370 2585 s
388 2533 437 2584 luit
454 2534 480 2585 le
498 2533 596 2586 monde
614 2549 648 2585 eu
665 2532 707 2585 six
725 2533 806 2599 ionrs',
826 2540 854 2585 et
872 2550 1023 2604 pourqnoy,
1043 2533 1066 2599 1,
1087 2533 1129 2600 14,
1147 2533 1189 2588 22.

267 2618 336 2671 Βίου
355 2634 389 2671 ne
407 2618 465 2670 doit
483 2624 555 2671 estre
573 2618 730 2687 represents
747 2635 798 2687 psr
815 2618 896 2673 chose
914 2619 1019 2684 visible,
1039 2617 1062 2685 1,
1082 2618 1122 2686 11,
1142 2618 1166 2672 1.

268 2704 338 2756 Βίου
356 2710 398 2756 est
416 2720 450 2755 su
468 2703 526 2770 ciel,
546 2709 574 2755 et
592 2707 734 2768 comment,
753 2702 778 2770 3,
796 2702 839 2770 20,
857 2702 900 2758 40.

267 2790 337 2842 Βίου
353 2793 420 2859 pent
438 2795 511 2842 estre
528 2805 615 2859 coguu
633 2806 667 2841 en
685 2789 755 2841 deux
774 2795 870 2853 sortes,
891 2789 913 2854 1,
932 2788 957 2855 2,
977 2788 1001 2843 1.

267 2875 336 2928 Βίου
355 2880 396 2928 est
414 2873 493 2927 d’une
511 2890 620 2927 esscnce
638 2875 735 2943 simple
753 2881 781 2927 et
798 2874 898 2940 infinie,
919 2873 942 2940 1,
963 2872 1004 2940 13,
1023 2873 1047 2928 2.

267 2961 336 3014 Βίου
354 2979 370 3013 s
386 2958 436 3013 isit
454 2960 567 3013 slliunce
584 2976 649 3013 avec
668 2961 706 3013 les
724 2961 808 3013 Peres
826 2968 855 3013 et
872 2978 937 3014 svec
961 2977 1041 3027 nous,
1064 2962 1132 3015 msis
1151 2979 1184 3016 ου
1202 2962 1242 3015 di·

320 3063 411 3100 verses
429 3051 525 3112 sortes,
544 3044 569 3111 2,
589 3045 630 3111 10,
649 3045 673 3098 2.

267 3132 337 3187 Βίου
355 3149 390 3185 υο
407 3130 540 3201 s’sppsise
557 3133 636 3200 point
653 3149 704 3202 pur
721 3149 772 3185 une
789 3133 932 3201 penitense
950 3133 1041 3198 seinte,
1061 3132 1086 3198 3,
1104 3132 1129 3199 3,
1148 3131 1189 3187 25.

266 3219 336 3272 Βίου
353 3217 465 3286 svcngle
484 3223 512 3270 et
530 3217 654 3270 endurcit
670 3218 710 3270 les
728 3218 876 3283 meschone,
896 3224 924 3270 et
941 3225 1085 3285 comment,
1104 3218 1129 3286 2,
1147 3216 1173 3285 4,
1191 3218 1217 3273 3.

266 3305 336 3360 Βίου
353 3305 491 3373 besongne
509 3304 538 3355 e's
556 3319 643 3356 coeurs
661 3302 709 3355 des
726 3304 855 3369 hommes,
874 3309 902 3356 et
920 3309 1062 3371 comment,
1082 3305 1107 3370 2,
1124 3301 1150 3370 4,
1170 3301 1194 3358 1.

266 3391 335 3443 Βίου
353 3392 491 3458 besongne
510 3406 543 3441 en
562 3388 632 3441 deux
651 3397 738 3442 sortes
757 3389 786 3442 ds
804 3391 899 3455 esleus,
918 3389 943 3456 2,
961 3390 987 3456 5,
1005 3389 1041 3442 5..

192 3485 196 3504 ¹
266 3476 336 3530 Βίου
354 3475 443 3529 donne
460 3491 491 3527 ss
507 3490 587 3543 grece
606 3492 658 3526 unx
676 3474 764 3528 celeus
782 3477 944 3540 seulement,
969 3475 994 3541 2,
1013 3475 1037 3542 2,
1056 3475 1086 3539 6,
1110 3476 1135 3542 2,
1154 3475 1179 3543 3,
1200 3474 1241 3531 14

266 3562 337 3617 Βίου
355 3560 472 3615 enrichit
489 3560 528 3613 les
545 3561 666 3612 hommes
684 3578 735 3629 pur
752 3578 782 3613 ss
799 3561 979 3627 benediction,
998 3560 1023 3629 3,
1042 3561 1066 3628 7,
1085 3561 1103 3615 8
1119 3580 1140 3616 s.

235 3702 238 3704 ,
267 3649 337 3702 Βίου
355 3646 457 3717 espend
475 3661 505 3698 se
523 3645 696 3699 misericorde
714 3664 761 3699 sur
778 3652 868 3700 tontes
886 3654 1032 3713 creetnres,
1053 3648 1076 3715 l,
1095 3647 1120 3715 5,
1141 3647 1165 3701 5.

266 3733 337 3787 Βίου
354 3746 492 3803 gouverue
509 3735 570 3784 tout
588 3748 638 3799 per
655 3749 685 3784 ss
703 3733 875 3802 provideuce,
896 3733 918 3799 1,
939 3733 979 3799 16,
999 3733 1022 3787 1.

266 3819 336 3872 Βίου
354 3824 474 3870 monstro
493 3835 541 3870 son
556 3818 596 3870 ire
613 3818 716 3886 grande
735 3835 831 3872 envers
848 3820 887 3871 les
905 3837 1067 3889 reprcuvcz,
1091 3819 1116 3885 3,
1135 3818 1177 3886 25,
1198 3819 1239 3872 12.

266 3905 336 3957 Βίου
360 3904 487 3971 previent
510 3905 549 3956 les
572 3903 694 3957 hommes
718 3921 768 3972 per
791 3922 821 3956 ss
845 3906 928 3958 bonte
946 3906 1078 3975 gratuite,
1103 3903 1239 3972 3,14,5;

259 4069 336 4129 ΙΒίου
354 4074 467 4143 regende
485 4075 603 4144 plustost
620 4075 646 4127 1ο
663 4091 737 4127 coeur
755 4092 808 4144 que
826 4074 945 4140 l’oenvre,
964 4074 988 4141 3,
1003 4075 1043 4141 14,
1056 4075 1087 4138 8;
1105 4076 1130 4143 3,
1144 4076 1186 4144 20,
1197 4076 1240 4131 31.

266 4162 336 4215 Βίου
354 4178 383 4213 οο
401 4166 458 4213 sert
475 4160 523 4212 des
540 4159 688 4223 meschone,
707 4167 735 4213 et
753 4168 894 4226 comment,
914 4160 938 4228 1,
958 4159 997 4227 18,
1018 4161 1041 4214 1.

267 4248 337 4301 Βίου
355 4253 486 4317 supporto
503 4246 543 4298 les
561 4247 633 4298 siens
644 4263 679 4300 ου
688 4246 810 4300 diverses
822 4249 965 4313 msnieres,
983 4246 1007 4312 3,
1020 4244 1060 4312 15,
1072 4245 1102 4308 4,
1120 4246 1145 4313 3,
1158 4246 1199 4313 19,
1209 4246 1240 4311 5,

318 4332 344 4398 3,
361 4332 403 4399 20,
422 4331 526 4394 1219,
544 4330 569 4395 4,
589 4331 629 4397 17,
649 4329 690 4385 14.

266 4420 335 4473 Βίου
359 4426 423 4472 veut
446 4418 704 4488 quelquesloisqne
729 4437 759 4472 sc
776 4420 883 4474 Psrolle
901 4422 955 4473 soit
973 4419 1110 4474 sunoncde
1128 4436 1180 4472 ουκ
1198 4437 1241 4474 re·

317 4521 444 4575 preuves,
462 4502 486 4569 3,
504 4501 546 4568 24,
567 4503 607 4556 13.
710 4525 716 4532 ·

266 4591 417 4644 Differencc
435 4596 513 4643 entre
530 4589 599 4643 Βίου
617 4595 645 4641 et
662 4590 702 4642 les
719 4590 848 4657 hommes,
867 4591 892 4659 2,
910 4591 935 4658 3,
954 4590 984 4654 6,
1002 4591 1027 4656 2,
1046 4591 1087 4657 10,
1106 4591 1131 4644 9.

267 4679 420 4731 Βίίίουουοο
438 4683 515 4728 outre
533 4676 558 4728 lc
576 4675 647 4728 iuste
666 4681 694 4729 et
711 4675 835 4741 l¹iuinste,
853 4676 879 4743 3,
897 4676 939 4744 14,
958 4676 982 4731 2.

148 4752 158 4758 ’
268 4764 421 4817 Difference
440 4769 519 4814 entre
536 4763 563 4814 ls
580 4762 639 4831 1105
657 4767 686 4814 et
703 4760 861 4832 l'Flrsugile,
879 4762 904 4829 2,
922 4763 947 4830 9,
965 4762 983 4815 2
1000 4780 1035 4816 ss.

266 4848 418 4903 Dilleronce
436 4853 514 4925 entre
533 4848 664 4900 necessitc‘
682 4854 711 4901 et
729 4849 890 4914 contesimo,
909 4849 934 4914 2,
953 4849 977 4914 3,
995 4848 1020 4904 5.

266 4933 419 4989 Differeuce
437 4940 515 4986 entre
533 4933 573 4986 les
590 4940 715 5001 pssteurs
733 4940 761 4986 et
781 4935 915 4999 docteurs,
934 4933 958 4999 4,
977 4934 1002 5000 3,
1020 4933 1046 4987 4.

266 5020 419 5075 Difference
437 5024 514 5071 entre
531 5018 572 5072 les
589 5035 667 5089 peres
687 5025 715 5072 et
732 5019 771 5072 les
788 5021 882 5074 fideles
900 5037 962 5074 sous
984 5020 1009 5073 le
1027 5021 1159 5074 Nourcsu
1177 5021 1241 5074 Του-

320 5109 432 5171 1οουου1,
450 5102 475 5169 2,
488 5102 512 5169 7,
524 5103 568 5166 16;
585 5103 612 5171 2,
630 5104 654 5172 9,
666 5104 689 5157 1.
707 5104 731 5157 2.
742 5103 781 5168 4.;
799 5105 824 5172 2,
837 5105 878 5172 10,
897 5106 925 5168 5,
943 5104 1121 5173 4,10,14,4,
1139 5107 1179 5173 14,
1198 5105 1240 5161 23.

265 5191 418 5245 Difference
436 5197 514 5244 entre
531 5207 614 5260 muye
632 5191 747 5259 religion
765 5197 794 5246 et
811 5193 996 5261 superstition,
1016 5191 1039 5256 1,
1059 5192 1101 5259 12,
1120 5192 1143 5247 1.

267 5276 418 5331 Differenoe
441 5281 518 5330 entre
542 5277 582 5329 les
606 5275 764 5330 Sscremens
788 5278 822 5331 de
844 5280 871 5331 lu
892 5279 952 5348 Loy
969 5280 1099 5332 ancienne
1122 5285 1150 5333 ct
1175 5296 1241 5333 ncu-

321 5364 398 5429 velle,
417 5361 442 5429 4,
462 5359 503 5429 14,
522 5359 564 5414 23.
576 5360 618 5415 26.
1119 5432 1122 5438 .

268 5450 418 5503 Difference
436 5454 513 5502 entre
531 5447 738 5516 schismatiques
757 5456 785 5503 et
801 5451 965 5518 heretiqnes‚
984 5451 1008 5516 4,
1026 5451 1051 5518 2,
1070 5452 1094 5507 5.

267 5534 419 5589 Difference
437 5535 473 5587 du
491 5535 565 5587 Vieil
582 5543 610 5587 et
628 5533 760 5587 Nouvesu
776 5536 939 5602 Testament,
957 5536 982 5604 2,
1002 5537 1043 5605 11,
1063 5538 1086 5593 1.

267 5621 377 5691 Dignitd
396 5627 425 5673 et
442 5622 593 5674 excellence
612 5621 646 5672 de
664 5617 798 5685 l'lromme,
818 5620 840 5686 1,
860 5621 901 5688 15,
919 5621 936 5675 3
954 5641 974 5676 s.

268 5707 378 5776 Dignite
395 5706 443 5759 des
461 5706 562 5773 fideles,
580 5723 665 5777 reyes
686 5705 795 5760 Fideles
812 5713 837 5760 et
854 5707 912 5761 lew
930 5708 1040 5778 wel.

267 5794 416 5863 Discipline
434 5791 644 5862 ecclesiasticus,
662 5790 687 5858 4,
707 5791 748 5858 12,
767 5791 790 5845 1.

268 5880 416 5948 Discipline
435 5878 637 5947 ecclesiustiqne
656 5879 715 5933 doit
731 5885 804 5933 estre
821 5880 955 5947 moderes,
975 5880 1000 5948 4,
1020 5880 1045 5948 1,
1062 5880 1104 5935 29.

267 5966 415 6035 Discipline
433 5964 644 6031 ecclesiastiqne,
663 5970 691 6016 et
709 5982 752 6018 scs
769 5966 880 6036 parties,
898 5968 923 6033 4,
943 5966 984 6034 12,
1003 5965 1046 6022 22.

268 6052 416 6121 Discipline
433 6049 481 6102 des
499 6049 726 6103 Lscedemoniens
743 6052 798 6105 sort
815 6059 930 6119 austere,
949 6051 973 6118 4,
993 6051 1033 6117 13,
1052 6052 1077 6105 3.

268 6140 382 6208 Dispnte
406 6136 570 6191 controcve'e
594 6143 671 6188 entre
695 6138 781 6190 seinct
798 6138 907 6204 Picrre,
932 6147 960 6190 et
984 6138 1076 6192 Simon
1100 6140 1241 6208 magicien,

992 1314 1155 1384 INDIOE
1177 1314 1270 1382 DllS
1292 1317 1540 1384 MA'HERES.

1297 1506 1503 1560 Dissimnlstion
1520 1504 1648 1558 d’sncuus
1667 1512 1710 1559 cst
1727 1505 1813 1571 tarde,
1832 1504 1857 1572 3,
1878 1504 1918 1570 19,
1939 1504 1978 1558 13.

1296 1591 1461 1646 Distinction
1479 1591 1513 1644 de
1531 1593 1558 1644 ls
1574 1591 1620 1660 icy
1638 1592 1739 1644 formes
1758 1598 1786 1644 et
1804 1609 1858 1644 non
1876 1591 1986 1656 formes,
2005 1590 2029 1655 3,
2047 1589 2072 1654 2,
2092 1588 2117 1641 3.

1296 1676 1461 1730 Distinction
1479 1677 1513 1729 de
1531 1678 1611 1730 istrie
1629 1684 1657 1729 et
1675 1677 1756 1742 dulie,
1776 1676 1799 1742 l,
1820 1676 1860 1741 11,
1881 1675 1927 1736 11,
1947 1675 1969 1740 1,
1989 1674 2030 1741 12,
2049 1675 2073 1728 2.

1297 1762 1461 1817 Distinction
1481 1762 1663 1832 scholastique
1681 1762 1715 1816 de
1733 1763 1801 1816 trois
1819 1769 1908 1815 sortes
1925 1763 1959 1815 de
1977 1762 2083 1826 liberte,
2101 1760 2126 1823 2,
2144 1761 2169 1825 2,
2188 1760 2212 1814 5.

1296 1848 1461 1923 Distinction
1479 1849 1661 1917 scholastiquc
1679 1848 1712 1900 de
1731 1849 1757 1901 ls
1775 1848 1915 1914 uecessite,
1935 1847 1958 1911 1,
1978 1846 2017 1910 16,
2036 1847 2060 1900 9.

1296 1934 1459 1987 Distinction
1478 1935 1512 1986 de
1530 1936 1557 1999 ls
1574 1933 1653 2002 peine
1672 1935 1752 1988 etde
1770 1936 1797 1988 le
1815 1936 1918 2004 coulpe,
1936 1933 1961 1998 3,
1979 1933 2004 1999 4,
2022 1932 2070 1987 29..

1296 2018 1461 2074 Distinction
1472 2019 1584 2072 ridicule
1603 2019 1639 2072 dn
1657 2021 1741 2088 peche
1753 2021 1852 2073 mortcl
1863 2027 1891 2072 ct
1903 2020 1999 2084 veniel,
2017 2019 2042 2084 2,
2055 2017 2079 2082 6,
2092 2016 2139 2078 56,
2156 2016 2181 2081 3,
2192 2017 2216 2081 4,
2228 2016 2270 2070 23.

1295 2104 1461 2158 Distinction
1479 2109 1557 2157 entre
1568 2105 1725 2159 Sscrement
1737 2113 1765 2159 et
1775 2107 1802 2159 ls
1811 2105 1892 2159 chose
1909 2106 1946 2159 du
1955 2105 2119 2167 Sucrement,
2137 2100 2164 2167 4,
2176 2101 2217 2165 14,
2229 2101 2270 2155 15.

1296 2189 1429 2242 Docteurs
1448 2197 1511 2244 sent
1529 2190 1694 2243 neccessires
1713 2209 1746 2243 eu
1766 2191 1883 2260 l'Eglise,
1902 2189 1927 2257 4,
1945 2190 1970 2256 3,
1988 2190 2013 2244 4.

1296 2275 1426 2329 Doctrine
1444 2277 1478 2328 de
1496 2277 1591 2346 Moyse
1610 2284 1638 2329 et
1656 2293 1704 2329 son
1724 2279 1780 2344 but,
1801 2276 1823 2342 l,
1843 2276 1867 2333 3.
1886 2275 1910 2329 3.
1984 2334 1985 2338 Ἰ

1295 2361 1424 2414 Doctrine
1442 2361 1476 2414 de
1493 2361 1568 2414 Iesus
1586 2362 1677 2416 Christ
1695 2370 1737 2415 est
1752 2364 1828 2415 l'sme
1847 2363 1880 2415 de
1898 2363 2014 2431 l'Itlglise,
2033 2361 2057 2424 4,
2078 2359 2118 2420 12,
2138 2359 2162 2413 1.

1296 2446 1425 2500 Doctrine
1443 2447 1477 2499 de
1494 2448 1522 2500 1ο
1538 2448 1584 2518 foy
1603 2453 1644 2501 est
1662 2465 1822 2518 corrompuc
1840 2465 1874 2501 en
1891 2449 1918 2500 le
1936 2448 2061 2517 pspsnte,
2079 2445 2104 2510 4,
2122 2444 2147 2510 3,
2166 2443 2190 2496 1.

1295 2532 1425 2585 Doctrine
1449 2532 1483 2585 de
1506 2539 1669 2603 repentsnce
1687 2553 1703 2586 υ
1727 2535 1784 2587 este
1808 2550 1967 2603 corrompue
1989 2551 2040 2601 por
2063 2535 2102 2585 lcs
2121 2531 2269 2600 Sophistcs,

1295 2702 1431 2757 Donation
1449 2705 1484 2757 de
1502 2704 1669 2770 Constantin,
1688 2704 1712 2769 4,
1732 2705 1772 2769 11,
1792 2704 1833 2759 12.

1295 2789 1452 2842 Donatistes
1470 2790 1580 2856 refutes,
1599 2786 1623 2855 4,
1643 2788 1667 2855 l,
1686 2790 1727 2843 13.

1295 2874 1453 2927 Donstistes
1470 2875 1526 2928 fort
1544 2881 1674 2939 austeres,
1692 2876 1719 2941 4,
1739 2875 1780 2941 12,
1799 2875 1841 2928 12.

1295 2958 1375 3012 Dulie
1393 2965 1421 3012 et
1438 2961 1526 3026 lutrio,
1546 2961 1570 3028 1,
1590 2961 1631 3027 11,
1651 2961 1696 3024 11,
1716 2961 1739 3026 1,
1759 2960 1800 3027 12,
1819 2950 1849 3025 2,
1867 2960 1891 3027 2,
1910 2960 1935 3027 2,
1953 2960 1978 3015 5.

1759 3101 1800 3164 Ε.

1295 3217 1507 3285 Ecclesiastiqne
1526 3217 1641 3282 sutheur
1659 3218 1801 3283 incertsin,
1819 3217 1844 3282 2,
1863 3218 1888 3283 5,
1908 3217 1949 3271 18.

1295 3302 1456 3356 Edificstion
1474 3303 1624 3356 necesssire
1641 3320 1694 3354 sur
1711 3302 1813 3369 fideles,
1831 3301 1856 3367 4,
1876 3302 1899 3368 1,
1919 3303 1965 3366 12;
1982 3303 2007 3365 4,
2025 3302 2051 3367 3,
2070 3302 2095 3356 1.

1294 3388 1446 3458 Egyptiens
1464 3395 1493 3441 et
1509 3390 1569 3442 leur
1586 3390 1662 3441 bsbil
1679 3389 1799 3453 ridicule,
1819 3387 1843 3453 1,
1861 3388 1885 3454 3,
1903 3387 1928 3441 4.

1294 3474 1386 3542 Figlise
1404 3491 1495 3544 vrsye,
1514 3472 1538 3541 4,
1558 3477 1582 3540 1,
1602 3476 1625 3528 1.

1294 3560 1386 3629 Eglisc
1397 3577 1481 3631 vrsye
1499 3567 1542 3614 est
1558 3563 1622 3615 bien
1640 3566 1718 3614 outre
1736 3578 1789 3630 qne
1807 3562 1874 3614 celle
1893 3561 1939 3629 qni
1957 3565 2000 3613 est
2017 3559 2153 3623 besterde,
2172 3557 2269 3623 4,2,1.

1295 3646 1388 3714 Eglise
1405 3653 1433 3699 et
1451 3664 1494 3700 ses
1513 3665 1609 3718 vrsyes
1626 3664 1761 3716 msrques,
1780 3646 1804 3711 4,
1823 3647 1847 3713 1,
1866 3646 1883 3699 9
1900 3663 1921 3699 s.

1294 3731 1387 3800 Eglise
1404 3732 1463 3786 doit
1481 3739 1553 3786 estre
1571 3734 1726 3787 consideres
1745 3751 1779 3787 en
1798 3734 1869 3787 deux
1888 3737 1986 3796 sortes,
2004 3728 2029 3795 4,
2048 3729 2071 3795 1,
2091 3729 2115 3782 7.

1294 3817 1387 3886 Eglise
1404 3826 1433 3871 ct
1451 3835 1499 3891 sou
1517 3819 1579 3885 lieu,
1596 3816 1622 3885 4,
1641 3818 1664 3886 1,
1683 3819 1708 3874 3.

1294 3902 1386 3970 Eglise
1404 3922 1421 3956 s
1438 3922 1468 3956 ss
1486 3905 1663 3972 iurisdiction,
1681 3905 1706 3971 4,
1726 3903 1767 3970 11,
1785 3905 1810 3958 1.

1294 3989 1386 4056 llglise
1405 3995 1433 4042 et
1451 4007 1481 4042 ss
1498 3991 1659 4060 perlecticn,
1676 3990 1702 4057 4,
1720 3990 1745 4056 3,
1765 3990 1806 4043 12.

1294 4074 1387 4143 Eglise
1405 4082 1433 4127 et
1450 4092 1481 4127 ss
1498 4077 1660 4145 perpetuite,
1678 4076 1703 4142 2,
1724 4076 1764 4142 15,
1781 4076 1806 4129 3.

1294 4159 1403 4229 l'Eglise
1421 4179 1438 4213 ο
1455 4162 1592 4215 tousiours
1609 4163 1667 4216 este
1684 4180 1719 4214 su
1737 4162 1842 4226 monde,
1860 4161 1886 4225 4,
1906 4160 1930 4225 1,
1949 4159 1990 4213 17.

1294 4246 1386 4315 Eglise
1404 4247 1559 4316 estholiqne
1578 4266 1612 4301 on
1630 4248 1802 4310 uuiverselle‚
1820 4245 1845 4313 4,
1864 4247 1887 4311 1,
1906 4246 1931 4299 2.

1294 4331 1386 4400 Eglise
1404 4333 1506 4386 ssincte
1527 4324 1555 4385 et
1572 4339 1714 4399 comment,
1733 4331 1758 4399 4,
1777 4334 1801 4399 1,
1820 4331 1862 4385 13.
1882 4331 1929 4393 17,
1946 4333 1973 4398 4,
1991 4331 2016 4396 3,
2035 4330 2076 4384 12.

1294 4418 1386 4486 Eglise
1404 4423 1446 4470 est
1464 4420 1489 4471 1ο
1507 4419 1647 4489 Boyunme
1665 4420 1699 4472 de
1717 4420 1817 4484 Christ,
1834 4419 1860 4485 4,
1878 4417 1903 4484 2,
1921 4417 1946 4471 4

1293 4505 1387 4573 Eglise
1405 4521 1435 4557 se
1453 4522 1560 4558 nomme
1579 4506 1762 4574 quemnesfcis
1779 4505 1815 4557 du
1833 4521 1897 4558 nom
1914 4505 1949 4558 de
1967 4503 2066 4569 Christ,
2083 4502 2108 4567 4,
2128 4500 2170 4568 17,
2187 4501 2230 4555 22.
2346 4553 2348 4567 ,

1293 4590 1386 4658 Eglise
1405 4595 1480 4643 etse
1498 4590 1637 4644 condition
1654 4598 1737 4645 crunt
1755 4608 1808 4660 qne
1825 4592 1852 4645 ls
1869 4590 1987 4661 pspsntd
2004 4592 2068 4656 lust,
2087 4590 2112 4654 4,
2131 4587 2156 4655 4,
2175 4587 2189 4639 1
2208 4605 2229 4641 s.

1294 4676 1386 4745 Egh'se
1404 4677 1509 4745 pupule,
1527 4674 1553 4739 4,
1571 4675 1596 4742 2,
1615 4675 1640 4730 2.

1293 4762 1386 4831 Eglise
1404 4764 1533 4828 romsine,
1553 4769 1581 4815 et
1599 4781 1649 4816 son
1666 4764 1811 4832 euthorite',
1830 4764 1856 4831 -2,
1874 4764 1899 4830 6,
1918 4763 1959 4816 16.

1294 4847 1403 4917 l'llglise
1421 4855 1487 4918 peut
1505 4850 1568 4902 bien
1586 4849 1675 4916 lsillir,
1693 4849 1719 4916 4,
1737 4848 1762 4917 3,
1783 4850 1823 4904 13.

1294 4933 1404 5002 l’Eglise
1422 4940 1559 4988 comment
1576 4935 1635 4990 doit
1653 4942 1725 4990 estre
1744 4937 1846 5000 edifle'e,
1864 4937 1890 5001 4,
1909 4934 1934 5014 6,
1953 4933 1977 4986 1.

1294 5019 1403 5089 l’llglise
1421 5038 1437 5073 s
1454 5021 1480 5073 ls
1497 5022 1620 5076 doctrine
1638 5023 1672 5076 de
1690 5024 1767 5076 Iesus
1784 5022 1876 5075 Ohrist
1893 5036 1963 5089 pour
1979 5034 2047 5083 eme,
2066 5015 2091 5083 4,
2110 5017 2151 5083 12,
2171 5016 2194 5069 1.
2209 5016 2215 5026 ‘
2308 5031 2314 5050 ’

1294 5106 1403 5175 l’Eglisc
1421 5125 1437 5161 s
1454 5125 1507 5160 une
1524 5109 1684 5177 tresgrcndc
1703 5107 1847 5171 euthorite,
1865 5105 1890 5171 4,
1909 5104 1933 5168 1,
1953 5103 1993 5157 10.

1294 5192 1386 5261 Eglise
1404 5198 1446 5244 est
1463 5195 1599 5247 tonsiours
1618 5194 1763 5247 conserves
1781 5193 1816 5245 du
1835 5192 1973 5261 Seigneur,
1992 5189 2017 5249 2,
2038 5187 2078 5252 15,
2097 5187 2121 5240 3.

1294 5278 1386 5348 Eglise
1405 5284 1432 5331 et
1450 5296 1480 5331 sa
1497 5279 1649 5349 discipline,
1667 5276 1692 5345 4,
1712 5278 1735 5344 1,
1753 5277 1796 5332 23.

1294 5365 1386 5433 Eglise
1405 5370 1433 5417 et
1450 5383 1499 5418 son
1516 5365 1681 5427 londement,
1701 5362 1724 5428 1,
1744 5361 1767 5427 7,
1786 5361 1816 5424 2,
1834 5362 1858 5429 4,
1877 5362 1902 5428 2,
1922 5359 1946 5414 1.

1294 5451 1403 5520 l'Eglise
1422 5469 1438 5503 s
1455 5469 1485 5503 ss
1502 5451 1644 5520 puisssnce
1662 5450 1761 5502 sniette
1774 5449 1790 5500 i
1801 5451 1827 5501 ls
1838 5448 1945 5502 Psrolle
1963 5446 2000 5499 du
2010 5447 2149 5515 Seigneur,
2168 5445 2193 5509 4,
2204 5443 2229 5510 3,
2239 5446 2266 5498 4.

1294 5537 1418 5590 Election
1437 5536 1470 5588 de
1488 5536 1557 5588 Βίου
1575 5543 1617 5587 est
1635 5535 1772 5599 eternelle,
1790 5533 1815 5600 3,
1833 5532 1875 5599 21,
1894 5533 1918 5585 1.

1294 5623 1418 5676 Election
1436 5627 1478 5674 est
1495 5621 1621 5689 grutuite,
1639 5618 1663 5684 3,
1681 5619 1724 5685 22,
1743 5620 1767 5672 1.

1294 5709 1418 5761 Election
1437 5714 1478 5760 est
1496 5707 1521 5759 1ο
1539 5705 1696 5759 londement
1714 5706 1748 5758 de
1767 5705 1883 5775 l'Elglise,
1902 5704 1927 5770 4,
1946 5704 1970 5770 1,
1989 5704 2013 5758 2.

1294 5794 1419 5846 Electiou
1436 5792 1587 5846 conferme'e
1604 5798 1633 5845 et
1650 5793 1764 5845 estsblie
1782 5810 1832 5862 psr
1850 5793 1876 5844 ls
1894 5792 2027 5855 voestion,
2045 5791 2070 5855 3,
2088 5789 2131 5855 24,
2150 5789 2176 5843 1.

1294 5879 1419 5932 Election
1438 5884 1466 5930 et
1483 5895 1514 5930 ss
1530 5878 1651 5942 lermete,
1669 5878 1694 5944 3,
1713 5875 1755 5942 24,
1773 5876 1798 5930 4.

1294 5965 1419 6017 lllecticu
1436 5980 1453 6015 s
1469 5980 1540 6032 pour
1557 5980 1607 6016 son
1625 5965 1675 6016 but
1692 5965 1719 6017 ls
1736 5963 1867 6016 sainctete
1885 5963 1919 6016 de
1937 5963 1989 6028 vie,
2007 5961 2032 6026 3,
2051 5960 2093 6028 23,
2113 5961 2153 6016 12.
2256 6004 2261 6016 .

1294 6050 1438 6102 Elevstion
1456 6049 1504 6102 des
1521 6049 1608 6101 meins
1627 6066 1679 6100 unx
1698 6049 1810 6117 priores,
1828 6046 1853 6113 3,
1872 6047 1914 6114 20,
1934 6047 1974 6101 16.

1294 6136 1369 6188 Elias
1387 6141 1415 6187 et
1433 6152 1481 6189 son
1500 6137 1585 6201 iusne,
1602 6133 1628 6198 4,
1647 6133 1688 6199 12,
1707 6133 1748 6188 20.

1295 6220 1534 6274 Endnrclssenrent
1551 6220 1599 6274 des
1617 6220 1756 6274 meschms
1774 6226 1802 6273 et
1818 6237 1868 6274 scu
1886 6221 1997 6289 origine,
2016 6219 2041 6285 3,
2060 6218 2102 6286 24,
2121 6219 2162 6273 14.
